2940 3691
1377 300 1712 344 ,30-

490 426 721 470 amicorum
753 425 929 472 nomine
959 429 1061 469 eta
1090 422 1323 469 clientibus
1353 431 1398 468 et
1432 440 1460 469 a
1489 433 1623 482 gente
1642 427 1992 486 distinguuntur,
2015 427 2211 473 ιιιοόὶιιιιι
2239 430 2353 473 inter
2382 438 2586 489 utrosque

490 511 709 556 tenuerint
746 517 935 569 oportet.
1003 507 1081 553 Ne
1113 511 1212 565 quis
1251 523 1353 552 vero
1389 515 1538 566 putet,
1573 511 1811 554 anicetum
1829 524 1998 583 nomen
2024 528 2113 558 non
2142 516 2378 560 secundum
2402 520 2586 576 antiqua

488 602 770 641 monumenta
803 597 911 663 exhi
1011 595 1151 647 ‚sed
1185 595 1381 643 incuriae
1416 596 1660 654 scriptoris
1678 596 1852 648 deberi,
1896 579 2246 655 praetermittere
2273 615 2379 646 nou
2390 616 2582 660 possum,

487 684 621 742 etiam
654 683 840 740 Dionysi
1010 627 1118 734 34⁰)
1148 695 1297 725 eorum
1325 681 1390 725 ita
1416 682 1565 727 facere
1592 683 1878 733 mentionem,
1918 689 1968 726 ut
1995 691 2147 742 aperte
2173 700 2205 730 a
2231 687 2462 732 clientibus
2497 702 2583 732 uon

484 771 649 820 minus,
691 780 817 827 quam
861 751 898 812 a·
1019 767 1168 811 tilibus
1212 767 1555 827 distinguantur:
1624 772 1751 821 Τίτος
1779 765 1995 821 Κλαύδιος
2030 767 2253 825 αὐτομολεῖ
2287 769 2391 828 πρὸς
2417 770 2585 826 αὐτοὺς,

485 850 724 914 συγγένειάν
752 869 798 897 τε
825 838 1019 912 μεγάληῖ
1034 848 1284 911 ἕπαγόμεινος
1310 854 1384 898 καὶ
1409 852 1558 908 φίλους
1583 852 1656 897 καὶ
1681 848 1867 905 πελάτας
1889 849 2062 911 συχνοὺς
2082 851 2223 905 αὐτοῖς
2247 853 2581 909 μεταναστάντας

487 941 706 995 ἐφεστίοις,
735 935 811 981 οὐκ
840 933 1035 988 ἐλάττους
1063 936 1402 995 πεντακισχιλίων
1428 931 1528 990 *c
1555 932 1667 982 ὅπλα
1694 939 1833 995 φέρειν
1860 935 2125 993 δυναμένους.

602 1035 879 1092 Quamquam
910 1037 955 1077 in
985 1036 1231 1078 universum
1262 1036 1504 1080 Dirksenio
1533 1037 1774 1086 adsentior,
1813 1037 1950 1098 multa
1983 1038 2098 1080 inter
2125 1038 2246 1094 leges
2277 1037 2453 1080 Romuli
2483 1054 2580 1083 esse

485 1123 643 1170 relata,
695 1136 808 1177 quae
843 1129 920 1164 aut
958 1123 1012 1164 ab
1052 1122 1135 1165 boc
1172 1136 1277 1179 rege
1315 1123 1458 1166 aliena
1493 1124 1607 1173 siut,
1657 1127 1733 1165 aut
1768 1100 1850 1163 udil
1912 1105 1945 1170 Ψ,
1969 1112 2175 1165 'rivatum
2206 1137 2290 1165 non
2320 1125 2579 1181 pertineant,

484 1215 630 1251 tamen
673 1209 791 1264 leges
828 1206 956 1250 huius
990 1208 1108 1263 regis
1146 1208 1300 1251 finibus
1340 1209 1469 1251 nimis
1509 1210 1640 1252 arctis
1675 1209 1731 1251 ab
1762 1199 2196 1264 eafba-&metimus
2226 1221 2435 1267 oensem,
2461 1208 2582 1261 Quas

488 1296 604 1336 enim
659 1294 778 1348 leg&
827 1292 1033 1335 Aurelius
1073 1291 1230 1335 Victor
1276 1293 1363 1346 (de
1400 1294 1498 1336 Vir.
1538 1294 1702 1337 Illustr.
1747 1310 1787 1338 c.
1825 1276 1986 1350 'ajace
2035 1292 2287 1350 pomoerio,
2326 1293 2583 1338 Plutarchus

486 1378 681 1430 (Romul.
714 1394 754 1421 c.
785 1378 864 1431 22)
892 1379 947 1422 de
978 1380 1220 1422 reverentia
1248 1380 1455 1422 matronis
1485 1357 1759 1436 praestanda,
1793 1357 1952 1423 Festus
1980 1383 2035 1435 (s.
2067 1392 2108 1422 v.
2129 1378 2371 1433 Probrum)
2399 1387 2445 1424 et
2475 1381 2582 1425 Dio·

488 1467 632 1521 nysius
662 1464 751 1517 (11.
783 1466 831 1518 9)
860 1465 914 1507 de
933 1463 1179 1507 Vestalium
1210 1470 1376 1522 stupro,
1409 1464 1567 1508 Festus
1597 1469 1650 1518 (s.
1676 1480 1718 1509 v.
1739 1465 1958 1516 Parrici),
1990 1463 2172 1507 Tacitus
2199 1462 2380 1520 (Annal.
2401 1464 2585 1517 XL22)

486 1560 531 1594 et
563 1550 824 1595 Plutarchus
853 1549 1049 1603 (Romul.
1082 1565 1121 1593 c.
1144 1532 1219 1604 22)
1249 1550 1305 1593 de
1335 1550 1637 1607 quaestoribus
1666 1550 1889 1608 parricidii
1918 1564 1997 1594 seu
2017 1550 2254 1593 duumviris
2271 1550 2582 1619 perduellionis

485 1636 786 1687 instituendis,
825 1633 983 1679 Cicero
1026 1634 1214 1692 denique
1252 1632 1329 1691 (de
1360 1634 1478 1694 Rep.
1512 1635 1578 1680 11.
1608 1635 1657 1688 9)
1698 1635 1754 1680 de
1793 1634 1964 1680 mulctis
1994 1642 2070 1680 aut
2097 1635 2259 1680 diserte
2289 1633 2478 1680 Romulo
2506 1637 2580 1679 tri-

485 1723 637 1772 buunt,
670 1728 747 1765 aut
774 1722 833 1764 ita
850 1720 1118 1772 describunt,
1151 1727 1213 1772 ut,
1243 1720 1340 1764 aliis
1370 1721 1629 1765 testimoniis
1659 1721 1848 1769 collatis,
1881 1720 1936 1764 ad
1966 1736 2064 1764 eum
2092 1720 2245 1764 referri
2274 1721 2475 1771 debeant,
2508 1737 2581 1765 eas

483 1822 570 1850 non
612 1808 741 1850 modo
779 1808 829 1848 ad
871 1808 1087 1865 principia
1124 1809 1313 1849 civitatis
1355 1808 1582 1851 Romanae
1619 1809 1861 1866 pertinere,
1912 1820 2055 1863 neque
2098 1807 2143 1848 in
2192 1806 2369 1850 Romuli
2416 1812 2581 1850 tautum

486 1894 818 1935 Commentariis
848 1893 1009 1942 fuisse,
1051 1893 1129 1935 sed
1167 1908 1262 1934 cnm
1304 1895 1482 1951 regibus
1513 1895 1645 1935 etiam
1676 1895 1846 1936 exactis
1877 1893 2096 1943 valerent,
2144 1894 2190 1933 in
2218 1894 2314 1934 iure
2345 1892 2580 1952 Papiriano

485 1993 582 2021 esse
621 1980 826 2035 repetitas
864 1979 1063 2021 arbitror.
1134 1980 1207 2022 De
1242 1980 1446 2022 clientela
1483 1993 1670 2037 quoqne,
1711 1977 1980 2021 matrimonio
2017 1982 2161 2033 atque,
2177 1978 2319 2035 patria
2349 1983 2578 2042 potestate,

486 2066 522 2106 si
567 2079 648 2106 non
689 2065 822 2106 verba
858 2077 1079 2114 curamus,
1131 2065 1206 2107 sed
1243 2078 1337 2115 res,
1381 2064 1467 2108 alia
1504 2066 1632 2108 etiam
1670 2069 1905 2122 praecepta
1940 2062 1993 2106 ad
2036 2057 2267 2106 Romulum
2306 2064 2400 2108 iure
2428 2064 2579 2108 referri

483 2157 678 2207 possunt,
710 2136 842 2206 atque
874 2164 985 2206 quae
1019 2138 1279 2193 Dirksenius
1310 2153 1540 2193 concessit.

1467 2265 1596 2334 §.2

1011 2363 1099 2414 De
1133 2364 1501 2415 commentariis
1536 2360 1738 2413 Numae
1774 2360 2051 2428 Pompilii.

599 2472 769 2513 Numae
809 2475 1139 2515 commentarios
1177 2474 1321 2530 plures
1363 2487 1504 2529 neque
1536 2434 1971 2543 parvoff‘axstitissm
2017 2484 2103 2515 non
2133 2470 2392 2513 dubitamus.
2454 2469 2596 2539 Quos·¹

481 2560 516 2599 si
550 2560 742 2613 integros
772 2558 1043 2610 haberemus,
1075 2559 1131 2601 de
1161 2559 1458 2617 antiquissima
1487 2558 1631 2601 rerum
1647 2544 1940 2600 Romanarum
1970 2563 2016 2627 et
2035 2555 2301 2599 Graecarum
2329 2556 2579 2600 conditione

480 2651 525 2685 et
556 2658 675 2686 nexu
707 2645 857 2699 reique
874 2646 1076 2702 publicae
1095 2645 1322 2688 Romanae
1341 2644 1743 2688 commutationibus
1773 2644 1909 2685 multo
1928 2621 2088 2686 certius
2117 2643 2310 2686 iudicare
2339 2657 2576 2700 possemus·

481 2728 866 2786 perpendentibus
912 2732 1048 2780 enim,
1099 2738 1167 2774 ter
1202 2733 1294 2774 eius
1334 2733 1533 2774 instituta
1571 2744 1669 2772 esse
1706 2730 1933 2787 recognita
1968 2729 2036 2771 vel
2073 2730 2288 2772 recensita
2324 2736 2370 2771 et
2398 2736 2576 2778 mutata,

480 2829 557 2871 per
595 2815 769 2859 Ancum
809 2815 1049 2866 Marcium,
1098 2817 1298 2861 Servium
1338 2817 1529 2861 Tullium
1571 2823 1618 2860 et
1646 2817 1895 2875 Papirium,
1944 2817 2131 2858 occurrit
2161 2816 2413 2866 discrimen,
2460 2815 2576 2870 quod

478 2901 726 2943 intercessit
763 2902 878 2944 inter
915 2915 989 2953 ea,
1040 2918 1152 2960 quae
1190 2918 1245 2946 ex
1287 2904 1381 2947 eius
1418 2903 1587 2961 legibus
1626 2904 1757 2948 etiam
1793 2901 1930 2945 libera
1964 2901 2188 2960 republica
2224 2901 2575 2950 observabantur,

478 2984 665 3040 illaque,
715 3002 827 3041 quae
875 2993 1005 3030 antea
1047 2996 1122 3031 aut
1164 3004 1240 3031 usu
1282 2997 1357 3033 aut
1405 2990 1575 3047 legibus
1614 2972 1738 3032 efflat
1772 2988 1954 3032 sublata.
2015 2989 2086 3032 De
2116 2990 2236 3032 hisce
2265 3002 2411 3030 rursus
2442 2988 2577 3029 oritur

479 3071 692 3126 quaestiO,
725 3078 866 3115 utrum
897 3089 1097 3130 quaeque
1129 3089 1276 3118 eorum
1307 3077 1550 3133 recognitio
1579 3076 1751 3132 integra
1778 3056 1910 3117 snei-{t
1938 3081 2129 3124 servata,
2168 3089 2223 3116 an
2254 3073 2379 3115 unius
2411 3078 2576 3115 tantum

478 3158 593 3212 regis
627 3156 695 3199 vel
726 3156 928 3208 duorum,
974 3167 1064 3203 tum
1097 3161 1248 3208 etiam,
1291 3167 1431 3204 utrum
1463 3163 1600 3219 ipsius
1632 3160 1827 3214 Numae,
1867 3176 1921 3204 an
1952 3160 2132 3203 aliorum
2163 3165 2341 3201 tantum.
2403 3159 2577 3204 Numae
