2940 3691
1201 280 1538 324 -21-

327 413 553 457 multorum
583 414 718 456 instar
746 415 905 462 cenet
921 389 1094 451 invium
1113 423 1200 452 non
1229 413 1366 457 curat,
1397 421 1659 464 quamquam
1687 407 1760 449 ille
1789 410 1832 450 in
1863 409 2007 466 legum
2037 411 2204 452 illarum
2234 410 2415 451 historia

327 497 655 555 diligentissime
691 481 995 553 mentienda
1032 494 1277 554 Pomponio
1316 494 1491 535 omnino
1536 493 1789 543 assentitur,
1835 495 1906 537 hic
1946 509 2070 544 vero,
2117 511 2213 538 cum
2251 498 2353 538 urbs
2392 510 2417 537 a

328 582 466 628 Gallis
495 584 676 628 incensa
702 584 839 630 esset,
878 594 951 624 eas
987 571 1201 657 senff
1218 584 1265 623 et
1299 578 1346 621 in
1383 578 1545 634 vulgus
1565 579 1707 622 editas
1738 593 1832 622 esse
1862 580 2041 623 diserte
2052 581 2285 650 *pistoriae
2315 595 2413 637 pro-

326 672 455 714 didit:
515 669 780 725 „Inprimis,
820 668 963 724 inquit
994 664 1115 719 (Vt
1143 664 1222 717 l),
1253 663 1445 721 foedera
1492 680 1543 706 ac
1573 665 1681 723 loyes
1708 665 1864 718 (erant
1907 675 2048 709 autem
2087 669 2161 709 eae
2182 665 2412 723 duodecim

325 758 498 801 tabulae
525 763 568 797 et
596 756 806 814 quaedam
843 754 990 812 reqiae
1025 752 1166 810 leque)
1200 751 1423 808 conquiri,
1470 765 1580 807 quae
1612 743 1929 808 comparerent,
1973 756 2192 796 iusserunt
2226 753 2413 809 [tribuni

327 844 541 887 militares
574 841 796 887 consulari
816 824 1074 898 possaatep
1118 837 1211 880 alia
1246 851 1313 879 ex
1336 838 1397 879 eis
1425 837 1545 879 edita
1574 839 1702 880 etiam
1732 838 1776 879 in
1814 839 1987 898 vulyus:
2028 848 2137 897 qnae
2173 848 2315 882 autem
2358 843 2417 882 ad

326 944 457 975 sacra
485 927 785 986 pertinebant,
834 938 863 968 α
892 923 1172 981 pontificibus
1208 924 1409 974 maxime,
1460 931 1509 967 ut
1546 925 1749 984 reliqioue
1778 926 2006 968 obstrictos
2036 926 2239 968 haberent
2271 927 2413 970 multi-

327 1002 491 1059 tudinis
517 1014 699 1061 animos,
729 1015 992 1067 suppressa!
981 1013 1010 1034 ‘⁸
1071 1006 1222 1053 Facile
1252 1008 1333 1051 hoc
1364 1008 1459 1052 loco
1489 1007 1636 1052 induci
1666 1022 1902 1066 possemus,
1936 1014 1984 1052 ut
2022 1010 2152 1053 etiam
2183 1011 2250 1055 ius
2282 1010 2412 1068 Papi·

324 1106 489 1146 rianum
519 1106 652 1155 atque
683 1097 911 1140 duodecim
942 1093 1109 1137 tabulas
1135 1093 1411 1137 crederemus
1433 1109 1530 1136 esse
1552 1093 1795 1144 diminutas,
1827 1109 2027 1150 quaeque
2050 1110 2108 1137 ex
2129 1095 2183 1137 iis
2209 1094 2263 1138 ad
2294 1111 2414 1139 sacra

322 1189 604 1245 pertinerent,
635 1198 881 1241 suppressa.
942 1182 1031 1224 Sed
1061 1195 1298 1237 perpenso,
1332 1186 1560 1235 utrumque
1589 1181 1731 1239 legum
1762 1195 1897 1235 genus
1928 1181 2125 1222 omnibus
2156 1188 2246 1222 tum
2268 1175 2412 1222 ‘fuisse

1115 1272 1134 1309 t
1163 1266 1270 1309 haec
1301 1272 1597 1317 monumenta,
1639 1272 1886 1322 comparata
1923 1280 2021 1308 cum
2060 1272 2179 1308 tanta
2209 1266 2412 1308 librorum

322 1278 491 1324 notum,
534 1284 749 1329 quamque
780 1254 1025 1339 exigun‘sssss
1054 1267 1081 1319 ζ’

322 1359 456 1409 mole,
499 1371 627 1414 qnam
663 1370 749 1398 non
786 1324 1071 1397 mmusc'tum
1096 1358 1307 1396 servatam
1346 1354 1610 1402 noverimus,
1648 1352 1781 1393 multo
1821 1351 2120 1401 verisimilius,
2164 1367 2218 1395 ne
2254 1353 2410 1400 dicam,

326 1451 491 1487 certum
521 1449 603 1491 est,
636 1441 907 1484 sacerdotum
939 1440 1085 1489 libros,
1117 1439 1266 1486 fastos,
1298 1453 1538 1495 regumque
1568 1439 1891 1481 commentarios
1922 1439 1966 1479 in
1999 1431 2251 1494 pontificum
2280 1452 2411 1495 pene-

323 1529 503 1573 tralibus
534 1533 647 1580 tum,
679 1533 729 1570 ut
757 1532 899 1581 antea,
932 1540 1028 1569 esse
1057 1525 1313 1577 retentos.*)
1374 1524 1527 1581 quue
1556 1525 1787 1567 studiosius
1819 1524 1861 1566 hi
1892 1524 1988 1565 libri
2019 1530 2110 1565 tum
2141 1523 2411 1567 custodiendi

322 1620 466 1666 erant,
509 1628 566 1659 ex
598 1614 754 1670 quibus
788 1611 979 1655 Annales
1012 1610 1235 1653 Maximus
1266 1615 1421 1666 atque,
1456 1611 1499 1652 ni
1530 1610 1681 1660 fallor,-
1710 1611 1838 1652 etiam
1870 1610 1987 1667 ipsos
2018 1609 2268 1667 pontificum
2301 1623 2411 1652 com-

319 1701 587 1746 menterio'sss’
576 1698 795 1744 incendio
840 1701 1119 1753 consumptos
1163 1696 1403 1739 instaurare
1441 1694 1662 1739 deberent.
1732 1692 1858 1747 Quod
1898 1700 2040 1737 autem
2077 1695 2206 1737 etiam
2257 1701 2408 1753 postea

319 1788 374 1829 de
403 1786 508 1828 iuris
530 1781 1108 1848 mystermffabulantur**)
1149 1781 1230 1824 hoc
1260 1796 1344 1823 non
1377 1782 1460 1824 nisi
1490 1782 1543 1824 ad
1575 1781 1828 1824 iudiciorum
1861 1794 1982 1822 usum
2013 1781 2261 1837 agendique
2293 1784 2403 1838 peri—

750 1872 753 1873 ’
894 1868 961 1909 ius
1002 1866 1172 1909 Romae
1202 1881 1423 1922 nunquam
1465 1865 1599 1909 fuisse
1636 1866 1923 1917 occultatum,
1974 1871 2065 1909 tota
2111 1864 2406 1909 Romanorum

317 1958 476 1999 clamat
512 1919 706 1997 historia.
736 1937 740 1947 ζ
741 1923 933 2007 Iraque
980 1958 1146 1993 tautum
1191 1953 1335 2001 abest,
1386 1959 1435 1993 nt
1476 1952 1716 1995 Dirksenii
1735 1955 1963 2009 probemus
2011 1954 2408 2001 sen1entiam,ius

318 2042 598 2099 Papirianum
629 2042 773 2081 aetate
797 2037 974 2083 ‚demum
1004 2037 1167 2078 seriore
1197 2050 1224 2078 a
1253 2037 1556 2094 pontificibus
1560 2052 1585 2079 e
1614 2038 1734 2079 libris
1765 2039 1897 2078 sacris
1938 2051 2035 2079 esse
2072 2045 2329 2095 excerptum
2367 2045 2412 2078 et

318 2126 513 2183 Papirio,
547 2137 674 2180 quem
705 2122 882 2179 regibus
913 2122 1080 2164 exactis
1111 2121 1307 2165 floruisse
1339 2122 1515 2173 scirent,
1547 2122 1827 2179 suppositum,
1860 2129 1910 2166 ut
1939 2122 2020 2166 hoc
2040 2138 2095 2166 ne
2115 2123 2207 2166 fieri
2237 2123 2410 2179 quidem

316 2226 460 2270 posse,
494 2209 757 2253 contendere
788 2208 1039 2251 audeamus.
1107 2206 1338 2250 Sacrorum
1371 2210 1486 2251 enim
1524 2208 1619 2251 libri
1659 2208 1787 2250 etiam
1824 2214 1925 2250 ante
1955 2208 2184 2258 duodecim
2224 2210 2406 2260 tabulas,

316 2312 413 2340 cum
459 2296 618 2352 integri
665 2299 966 2352 superessent,
1016 2307 1072 2335 ne
1120 2299 1211 2335 tum
1261 2294 1437 2349 quidem
1492 2295 1623 2337 multa
1684 2296 2005 2342 continuerunt,
2070 2310 2181 2350 quae
2232 2296 2286 2336 ad
2338 2297 2403 2336 ius

314 2382 597 2440 pertinerent.
627 2378 794 2442 Κομιὸᾖ
818 2378 979 2437 δ’ὀλίγα
1006 2374 1124 2431 τινά,
1151 2379 1293 2435 inquit
1323 2378 1560 2437 Dionysius
1590 2379 1678 2433 (X.
1699 2381 1766 2432 l),
1808 2384 1850 2424 ὲν
1880 2382 2008 2438 ἱεραῖς
2035 2373 2087 2436 ἦν
2115 2380 2275 2439 βίβλοις
2304 2381 2405 2425 ἀπο-

313 2469 494 2521 κείμενα,
521 2461 548 2507 ἃ
577 2460 731 2538 νόμως)
733 2462 830 2520 εἶχε
833 2458 1032 2518 δύναμιν,
1060 2480 1116 2506 ων
1145 2467 1186 2508 οἳ
1213 2468 1424 2522 πατρίκιοι
1451 2461 1529 2522 τὴν
1557 2467 1704 2522 γνῶσυυ
1730 2465 1835 2521 εἶχον
1863 2461 1985 2520 μόνοι
2015 2460 2083 2508 διὰ
2114 2461 2188 2515 τὰς
2218 2467 2262 2509 ἒν
2293 2462 2406 2509 ἄστει

316 2545 545 2607 διατριβάς.
604 2509 776 2598 Quodsi
814 2546 889 2589 illo
925 2552 1118 2602 tempore
1155 2548 1198 2590 in
1236 2548 1357 2590 libris
1388 2549 1523 2590 sacris
1548 2553 1719 2605 *paucae
1749 2550 1981 2591 exstabant
2010 2548 2154 2605 leges,
2204 2565 2308 2605 quas
2346 2565 2403 2591 ex

313 2641 436 2691 parte
466 2622 641 2690 quidem
677 2633 722 2675 in
763 2632 992 2675 duodecim
1031 2632 1197 2675 tabulas
1235 2639 1434 2691 receptas
1466 2627 1758 2690 scimusffl),
1806 2634 1911 2690 quid
1942 2634 2086 2691 legum
2117 2637 2161 2677 in
2189 2650 2404 2678 sacrorum

316 2721 436 2761 libris
468 2719 603 2760 latere
627 2720 790 2776 potuit,
824 2720 1064 2782 quiuurbe
1094 2734 1120 2761 a
1149 2717 1290 2761 Gallis
1321 2720 1517 2770 incensa,
1563 2725 1709 2762 essent
1743 2728 1817 2762 aut
1853 2720 2011 2761 servati
2044 2727 2118 2761 aut
2154 2721 2402 2763 instaurati?

315 2805 428 2849 Fere
466 2805 572 2847 nihil
609 2805 653 2847 in
694 2805 748 2846 iis
786 2818 882 2847 esse
911 2811 1151 2862 repertum,
1191 2806 1297 2848 iuris
1330 2806 1527 2848 Flaviani
1558 2807 1667 2848 ratio
1699 2807 1838 2848 docet.

386 2942 424 2986 ¹³)
459 2939 618 2983 Dionys.
634 2931 720 2973 ³111.
746 2940 807 2973 36.
851 2937 983 2973 Livius
1009 2939 1080 2974 IV.
1106 2943 1141 2975 3.
1188 2940 1393 2975 Canuleius
1439 2939 1615 2982 „Obsecro
1638 2953 1716 2983 vos,
1753 2939 1931 2984 patricios
1957 2939 2177 2985 alloquitur,
2211 2941 2242 2974 εἰ
2269 2953 2334 2974 nou
2360 2941 2407 2973 ad

443 3007 573 3055 fastos,
598 3019 667 3041 non
692 3007 739 3041 ad
761 3006 1025 3041 commentarios
1044 3008 1251 3056 pontificum
1276 3008 1497 3044 admittimur
1521 3011 1621 3044 etc.“

359 3086 418 3130 *ἢ
455 3083 621 3120 Dirksen
648 3083 672 3119 l.
698 3083 721 3118 l.
748 3093 785 3128 p.
811 3085 895 3118 238.
947 3082 1136 3118 Zimmern
1161 3084 1248 3120 Vol.
1276 3085 1306 3119 Ι.
1334 3086 1364 3129 §-
1392 3087 1451 3119 27.
1478 3094 1515 3129 p.
1542 3086 1601 3119 89.

334 3162 417 3207 *Μὴ
452 3159 530 3196 Cic.
558 3161 606 3195 de
631 3160 746 3205 Legg.
774 3160 826 3195 11.
854 3171 887 3194 e.
916 3163 1067 3195 19-23.
