2940 3691
1360 338 1696 384 ...34—

479 467 650 522 scriptis
681 465 851 521 legibus
884 466 1230 511 commendatum
1260 482 1355 510 esse
1385 467 1648 522 virginibus,
1697 469 1867 510 etiamsi
1888 469 1985 512 'hoc
2017 469 2216 526 Dionysii
2246 483 2331 511 non
2362 476 2568 519 exstaret,

480 566 575 594 cum
605 551 864 609 disciplinae
893 552 1018 593 huius
1049 555 1223 610 saepius
1253 553 1413 595 mentio
1444 552 1534 603 fiat,
1564 551 1667 595 inde
1697 553 1952 596 sumendum
1982 560 2112 599 anet.
2174 551 2239 597 Ut
2266 552 2401 597 Gellii
2426 542 2574 609 (Lm)

481 639 729 680 testimonio
772 639 904 681 dubia
934 637 1140 680 reddatur
1168 640 1315 682 horum
1347 638 1550 682 librorum
1581 638 1836 695 antiquitas,
1880 642 2047 682 tantum
2089 640 2235 691 abest,
2287 645 2335 683 ut
2372 640 2426 684 eo
2462 641 2570 685 fides

478 725 542 766 eis
574 725 836 782 praestanda
863 723 995 778 effi
1025 730 1248 780 augeatur.
1309 723 1417 776 „De
1452 738 1565 767 more
1594 729 1759 774 autem,
1804 723 1965 780 inquit.
2008 722 2184 781 rituque
2211 724 2452 783 capiundae
2480 726 2567 768 vir-

474 810 594 867 yinis
623 811 793 854 litterae
821 810 992 868 quidem
1022 811 1291 868 antiquiores
1319 827 1405 854 non
1434 817 1625 860 exstant,
1670 810 1756 853 nisi
1784 825 1894 866 quae
1921 816 2052 866 capta
2077 810 2227 866 prima
2256 820 2331 861 est,
2364 828 2394 854 a
2423 813 2569 855 Numa

481 911 578 953 reqe
605 912 688 939 esse
717 904 907 952 captam.
969 896 1056 940 Sed
1092 897 1284 953 Papiam
1325 897 1506 954 leqem*)
1543 897 1828 938 invenimus.“
1910 896 1983 937 De
2027 897 2184 938 ceteris
2221 898 2336 938 enim
2376 900 2569 954 partibus

484 981 608 1022 huius
639 980 781 1022 cultus
812 982 976 1023 litteras
1007 983 1204 1037 antiquas
1235 984 1474 1032 exstitisse,
1506 983 1608 1023 inde
1638 980 1992 1037 sequitur.1mo
2022 996 2134 1037 quae
2164 983 2295 1023 verba
2323 983 2571 1038 pontificem

481 1067 628 1108 dicere
659 1073 892 1124 oporteret,
925 1082 1021 1109 cum
1053 1068 1262 1124 virginem
1293 1073 1490 1125 caperet,
1529 1082 1555 1110 e
1585 1067 1693 1109 libro
1723 1067 1863 1124 primo
1894 1066 2022 1110 Fabii
2054 1067 2245 1111 Pictoris
2274 1069 2370 1126 ipse
2399 1067 2570 1110 Gellius

481 1153 622 1193 affert.
687 1153 754 1194 Ea
783 1154 915 1195 verba
945 1143 1050 1194 haec
1081 1158 1198 1194 sunt.
1249 1162 1617 1203 „SACERDOTEM
1659 1133 1945 1232 Vnsrffl,
1999 1163 2136 1203 QUAE
2174 1162 2326 1196 SAGRA
2376 1162 2571 1199 meur,

485 1246 623 1288 QUAE
662 1248 781 1282 IOUS
817 1248 935 1282 SIET
963 1247 1295 1281 SACERDOTEM
1333 1248 1597 1283 VESTALEM
1633 1247 1829 1282 FACERE
1866 1247 1961 1281 PRO
1993 1249 2192 1282 POPULO
2222 1249 2432 1281 ROMANO
2466 1250 2574 1287 QUI-

485 1335 701 1373 RITJUM,
750 1335 875 1367 UTEI
915 1333 1049 1373 QUAE
1087 1334 1280 1366 οΡΤΙΜΑ
1321 1335 1452 1367 LEGE
1492 1335 1806 1373 FOV1T‚1TA
1842 1337 1926 1373 TE,
1967 1333 2368 1373 AMATA,GAP10.‘
2449 1324 2576 1365 Haec

488 1410 583 1464 ipsa
613 1408 795 1451 formula
825 1408 929 1451 alias
961 1407 1080 1464 leges
1110 1409 1290 1464 respicit
1319 1424 1345 1451 a
1376 1409 1523 1452 Numa
1552 1411 1763 1452 conditas.
1777 1411 1851 1464 **)

607 1524 821 1567 Saliorum
851 1524 970 1573 libri,
1004 1538 1110 1580 quos
1143 1529 1267 1566 sexto
1299 1523 1394 1567 loco
1427 1526 1617 1569 nominat
1648 1525 1884 1583 Dionysius
1915 1528 1973 1579 (c.
2004 1525 2100 1579 70),
2142 1524 2315 1568 aliunde
2353 1525 2457 1568 satis
2489 1526 2577 1567 noti

488 1617 607 1661 sunt,
649 1610 857 1667 imprimis
888 1598 1098 1660 carmina,
1141 1624 1249 1666 quae
1288 1610 1333 1652 in
1372 1610 1493 1654 hisce
1533 1617 1735 1654 contenta
1770 1611 1926 1662 fuisse,
1967 1612 2059 1653 iure
2099 1611 2354 1667 colligimus.
2421 1609 2487 1652 Ea
2526 1610 2577 1650 ad

491 1694 681 1738 Numam
715 1695 842 1751 vulgo
864 1711 959 1737 esse
978 1695 1125 1744 relata,
1158 1697 1285 1737 etiam
1297 1694 1441 1737 Varro
1461 1698 1534 1751 (de
1556 1697 1686 1754 Ling.
1703 1698 1801 1740 Lat.
1818 1698 1932 1739 VII.
1949 1698 1997 1750 3)
2028 1698 2169 1746 docet,
2192 1698 2407 1745 dubitans,
2440 1697 2581 1736 sintne

487 1782 618 1822 etiam
650 1781 1015 1836 antiquiora.***)
1075 1782 1173 1829 „At
1202 1782 1280 1822 hoc
1318 1783 1429 1838 quid
1464 1782 1526 1824 ad
1550 1784 1777 1827 verborum
1799 1785 2066 1840 po'e'ticorum
2092 1785 2301 1825 aetatem?
2332 1798 2514 1841 quorum
2544 1784 2582 1823 si

491 1866 707 1922 Pompilii
735 1881 910 1924 requam
929 1868 1042 1924 fons
1073 1868 1117 1908 in
1150 1866 1412 1909 carminibus
1443 1866 1680 1919 Saliorum,
1730 1883 1863 1925 neque
1892 1884 1942 1911 ea
1972 1867 2026 1910 ab
2056 1868 2351 1925 superioribus
2388 1875 2579 1924 accepta,

491 1960 630 1995 tamen
663 1953 817 1995 habent
837 1953 978 1996 DCC
995 1959 1181 1995 annos.“
1242 1952 1458 1995 Saliorum
1489 1952 1786 1996 Palatinorum
1817 1952 1930 2001 libri,
1964 1953 2037 2008 qui
2069 1952 2138 1995 hic
2168 1953 2245 1995 soli
2268 1952 2579 2009 significantur,

492 2046 632 2081 utrum
666 2040 723 2081 nil
755 2041 837 2082 nisi
870 2042 1059 2082 carmina
1092 2041 1396 2088 continuerint,
1435 2054 1487 2081 an
1524 2039 1630 2080 ritus
1662 2039 1792 2080 etiam
1830 2043 1874 2079 et
1904 2038 2207 2085 caerimonias,
2259 2038 2461 2080 decidere
2499 2053 2581 2079 non

492 2126 641 2173 ausim,
676 2141 933 2181 quamquam
966 2127 1044 2168 hoc
1068 2126 1141 2168 illo
1164 2124 1586 2174 verisimilius.****)
1647 2122 1878 2165 Fetialium
1904 2123 2012 2172 iura,
2046 2138 2157 2178 quae
2178 2123 2415 2179 Dionysius
2435 2127 2493 2174 (c.
2509 2124 2584 2173 72)

491 2213 673 2267 septimo
719 2213 814 2255 loco
858 2219 1181 2262 commemorat,
1226 2213 1388 2268 scripta
1419 2211 1520 2266 quin
1559 2210 1828 2256 exstiterint,
1862 2223 1986 2249 nemo
2018 2207 2205 2250 dubitat:
2248 2223 2273 2249 a
2305 2208 2452 2250 Numa
2489 2223 2584 2249 esse

613 2422 649 2466 ³³)
684 2419 807 2457 A.''U.
834 2424 906 2456 504
931 2432 980 2456 ex
1007 2422 1223 2456 coniectura
1248 2420 1372 2466 Pighii
1398 2420 1445 2455 ad
1472 2419 1570 2453 hunc
1596 2428 1734 2453 annum
1761 2416 1799 2451 in
1826 2414 2050 2451 Annalibus.

590 2509 648 2555 *ἢ
682 2511 852 2547 Macrob.
880 2512 911 2547 Ι.
944 2515 997 2548 17.
1051 2512 1153 2548 Plut.
1183 2512 1307 2547 Numa
1334 2521 1366 2545 c.
1392 2513 1427 2546 9.
1479 2510 1585 2545 Serv.
1613 2507 1662 2543 ad
1687 2506 1781 2543 Aen.
1809 2506 1907 2542 XII.
1933 2508 2017 2542 603.

564 2597 648 2644 *‘*)
683 2598 790 2642 Quae
815 2600 1002 2638 dubitatio
1027 2601 1150 2643 docet,
1176 2601 1211 2638 in
1237 2601 1295 2637 his
1321 2598 1551 2635 carminibus
1567 2597 1729 2639 Numae,
1755 2596 1953 2632 Musarum
1966 2593 2133 2635 cultoris,
2159 2592 2381 2628 mentionem
2405 2603 2477 2628 non
2505 2603 2586 2627 esse

685 2674 834 2713 factam.
888 2677 998 2713 Hanc
1034 2676 1203 2714 notitiam
1237 2688 1286 2712 ex
1321 2674 1403 2711 aliis
1429 2672 1614 2721 po'efflatis
1641 2685 1724 2709 esse
1750 2675 1957 2717 sumptam,
1991 2668 2079 2705 inde
2111 2667 2283 2710 efficitur,
2318 2666 2417 2713 quod
2443 2667 2587 2702 Ennius

685 2751 784 2786 bane
819 2763 894 2787 rem
931 2752 1151 2788 memoravit
1183 2752 1283 2798 apud
1320 2751 1483 2787 Nonium
1517 2761 1546 2786 s·
1579 2762 1614 2787 v.
1652 2748 1765 2786 Cluit.
1816 2747 1873 2782 Cf.
1901 2746 2052 2790 Quinct.
2080 2745 2173 2781 Inst.
2202 2744 2232 2781 1.
2266 2747 2319 2779 10.
2345 2746 2405 2779 20.
2456 2743 2588 2779 Cicero

686 2828 733 2863 de
761 2828 868 2864 Orat.
903 2830 976 2865 III.
1002 2833 1061 2865 51.
1116 2829 1215 2864 Plut.
1245 2828 1359 2863 Num.
1385 2839 1417 2862 c.
1445 2830 1488 2862 13
1514 2831 1552 2862 et
1580 2829 1636 2861 14.
1688 2826 1822 2861 Horat.
1859 2823 1976 2869 Epist.
2013 2823 2064 2858 II.
2096 2826 2124 2857 l.
2151 2825 2208 2857 86.
2260 2821 2384 2856 Varro
2408 2819 2454 2855 de
2482 2819 2587 2863 Ling.

685 2907 767 2939 Lat.
796 2905 866 2941 VI.
896 2909 952 2941 14.
1004 2906 1138 2940 Festus
1165 2917 1193 2940 s.
1218 2918 1252 2940 v.
1281 2903 1463 2939 Mumurii
1490 2901 1638 2938 Veturii
1674 2914 1711 2946 p.
1739 2904 1799 2936 96.
1851 2901 1942 2936 Tob.
1971 2900 2204 2934 Gutberleth.
2241 2898 2287 2933 de
2314 2896 2427 2932 Saliis
2455 2894 2589 2929 Martis

683 2981 958 3017 sacerdotibus.
998 2982 1158 3026 Franeq.
1187 2984 1290 3016 1704.

543 3069 651 3114 ****)
686 3070 762 3106 Iac.
797 3072 1003 3108 Gutherius
1037 3072 1101 3118 (de
1138 3075 1261 3106 vetere
1287 3070 1367 3106 iure
1394 3068 1612 3113 Pontificio)
1645 3068 1739 3103 libro
1773 3068 1871 3117 1:⁸3.
1903 3070 1939 3102 5.
1977 3065 2131 3102 exhibet
2157 3058 2251 3100 hauc
2286 3061 2586 3108 inscriptionem:

882 3158 1127 3189 „MANsloxEs
1156 3156 1350 3181 SALIORUM
1381 3154 1658 3180 PALATINORUM
1688 3154 1708 3178 A
1737 3153 1953 3179 vei-enisus

883 3232 929 3256 on
960 3232 1167 3264 Annonem,
1202 3232 1395 3257 ANNALlUM
1424 3231 1647 3257 ευετοοιΑΜ
1677 3221 1964 3256 εοκετιτυτΑεί·
1995 3222 2066 3252 etc.
