2940 3691
1318 309 1656 353 -20-

434 435 682 492 appellavit.
685 433 732 486 ²¹¹²)
806 433 882 476 De
927 433 1162 490 parricidio
1205 441 1348 477 001010
1392 442 1570 478 exstant
1613 436 1812 487 Romuli,
1865 438 2062 490 Numae,
2100 438 2220 481 Tulli
2259 438 2443 484 llo-filii
2490 446 2535 484 et

436 521 578 563 Servii
598 518 756 561 Tullii
759 518 809 570 10
868 533 911 567 s;
943 518 1052 559 hanc
1084 519 1141 561 de
1171 520 1362 576 parentis
1391 520 1529 562 caede
1558 519 1701 582 legem
1731 520 1796 607 ad
1806 520 2009 566 Servium
2027 523 2231 567 Tauium
2246 522 2535 575 retulerimus,

556 751 758 832 Νέῗῖήυίε
789 777 1052 832 suspicetur,
1083 777 1203 833 leges
1224 766 1370 833 fugias
1402 792 1565 826 0101103,
1593 793 1706 834 quae
1723 784 1876 835 poutea
1903 779 1947 821 iu
1979 792 2058 820 usu
2079 785 2352 831 1000301001.»
2375 780 2535 822 diserte

431 865 477 904 in
509 864 740 904 duodecim
770 862 930 904 tubulis
966 861 1102 903 fuisse
1139 863 1370 919 repetitae,
1419 868 1466 904 et
1501 861 1802 907 historicorum
1838 870 1885 908 et
1922 848 2310 910 inieconsultorum
2347 865 2532 909 auctori·

435 948 876 1010 tatemfappelhmus,
909 948 981 1004 qui
1012 952 1058 989 et
1088 953 1317 1007 utrumque
1344 950 1580 1005 genuinum
1609 950 1715 994 iuris
1745 950 1909 995 fontem
1939 954 2191 1008 agnoscant,
2220 961 2364 1005 neque
2393 951 2532 994 minus

435 1034 488 1078 ad
520 1034 644 1091 le'ges
674 1035 833 1091 regias,
865 1047 991 1090 quam
1021 1032 1076 1076 ad
1109 1031 1338 1079 duodffi'n
1367 1032 1537 1077 tabulas
1567 1040 1819 1094 provocent.
1886 1034 1959 1079 Ita
1990 1034 2153 1078 Lucius
2183 1017 2533 1090 Valeriusaffid
2595 1084 2597 1087 ¹

435 1118 613 1165 Livium
631 1118 699 1162 ε110
730 1118 829 1175 lege
860 1116 1007 1174 Oppia
1037 1116 1286 1174 abroganda
1315 1116 1593 1169 (XXXIV.
1624 1119 1672 1172 6)
1700 1121 1744 1162 in
1776 1120 1957 1163 solemni
1988 1120 2203 1162 oratione:
2265 1119 2372 1168 „An
2401 1126 2534 1169 vetus,

439 1189 604 1261 inquit‘,
648 1206 770 1261 reqia
802 1204 870 1246 lex
899 1205 1026 1246 simul
1053 1220 1148 1246 cum
1175 1205 1272 1260 ipsa
1303 1205 1407 1246 urbe
1435 1206 1572 1247 nata?
1632 1207 1726 1256 An,
1759 1206 1879 1265 quod
1902 1206 2130 1248 secundum
2160 1213 2242 1254 est,
2290 1205 2345 1247 ab
2380 1205 2535 1247 decem-

438 1292 549 1333 viris
591 1291 653 1333 ad
684 1289 907 1332 condenda
947 1290 1048 1330 iura
1087 1290 1246 1332 creatis
1287 1291 1332 1332 in
1370 1291 1592 1334 duodecim
1635 1292 1797 1335 tabulis
1823 1290 2071 1358 ²W0·⁷“
2143 1292 2325 1335 Tacitus
2364 1306 2536 1349 quoque

435 1379 558 1434 leges
588 1377 819 1427 duodecim
844 1376 1091 1418 'tabularum
1122 1377 1182 1417 ita
1211 1377 1265 1418 ad
1297 1376 1417 1433 leges
1455 1379 1597 1434 regias
1636 1379 1789 1429 refert,
1826 1353 2072 1420 ’01011101οε
2110 1378 2255 1420 alteris
2296 1377 2535 1434 suppletas,

436 1478 523 1505 non
554 1462 797 1519 abrogatas
815 1477 912 1504 eum
943 1462 1182 1504 credidisse
1212 1470 1435 1519 appareat.
1496 1464 1671 1513 „Pulso
1694 1463 1951 1519 Tarquinio,
1984 1464 2127 1519 inquit
2154 1464 2292 1514 (Anu.
2313 1461 2408 1505 III.
2440 1462 2535 1515 27),

436 1547 663 1609 adversum
685 1548 868 1605 patrum
888 1548 1114 1605 factiones
1144 1547 1277 1588 multa
1300 1548 1493 1604 populus
1516 1549 1702 1606 paravit
1741 1549 1923 1591 tuendae
1965 1550 2181 1591 libertatis
2219 1555 2259 1590 et
2285 1547 2535 1605 firmandae

437 1634 694 1678 concordiae
702 1650 717 1686 ,·
767 1635 988 1691 creatique
1017 1633 1242 1675 decemviri
1271 1640 1313 1675 et
1342 1635 1515 1684 accitis,
1555 1648 1665 1692 quae
1703 1648 1883 1692 usquam
1912 1634 2107 1692 eqreqia,
2149 1634 2404 1691 compositae
2433 1632 2543 1675 duo*

437 1718 573 1762 decim
605 1719 793 1771 tabulae,
813 1719 927 1775 finis
957 1719 1086 1777 aequi
1116 1718 1257 1762 iurisf
1246 1724 1275 1742 “
1338 1718 1474 1764 Hunc
1495 1719 1624 1764 finem
1646 1721 1866 1778 respicere
1896 1719 2110 1764 credimus
2131 1720 2185 1764 ad
2206 1719 2390 1767 initium,
2423 1717 2537 1773 quod

440 1804 655 1849 Romulus
685 1807 863 1850 fecerat.
927 1806 1201 1862 Quamquam
1231 1805 1409 1848 fuerunt
1439 1806 1552 1848 inter
1582 1806 1702 1864 leges
1733 1807 1891 1863 regias,
1924 1820 2036 1863 quae
2058 1805 2355 1869 ugduodeclm
2380 1803 2537 1846 tabulis

2186 1876 2367 1941 'Pfflssus
2377 1888 2537 1941 antium)

439 1983 485 2018 et
510 1976 947 2031 Marcellus******)
985 1979 1039 2020 ad
1064 1979 1184 2035 leges
1213 1979 1357 2034 regias
1389 1983 1639 2033 provocant,
1672 1978 1875 2032 idemque
1904 1977 2029 2018 facit
2037 1952 2539 2047 Papinianus*******)

438 1891 897 1948 repeterenturfffl),
930 1898 1074 1935 tamen
1100 1891 1310 1948 plurimae
1341 1891 1434 1933 01)
1422 1890 1475 1933 113
1496 1881 1670 1934 omnino
1687 1891 1918 1934 distinctae
1938 1896 2074 1944 sunt.
2105 1940 2117 1959 „l

436 2063 491 2104 de
538 2066 672 2120 patris
723 2066 767 2105 10
815 2065 949 2105 filium
995 2065 1110 2105 vitae
1155 2061 1362 2118 necisque
1406 2068 1640 2120 potestate,
1694 2076 1821 2118 quam
1866 2062 2006 2119 legem
2054 2062 2097 2104 10
2114 2062 2369 2103 duodecim
2408 2061 2537 2102 etiam

435 2148 594 2191 tabulis
627 2151 903 2192 constitutam
943 2150 1116 2192 scimus.

522 2234 527 2238 ’
554 2235 687 2279 Ηο00
719 2236 865 2293 legum
895 2238 1111 2293 regiarum
1143 2235 1362 2277 historiam
1394 2242 1538 2277 mente
1568 2233 1879 2292 perlustrantes
1911 2248 1998 2275 non
2036 2246 2262 2289 possumus
2300 2245 2383 2272 non
2425 2243 2536 2272 sum-

437 2336 610 2377 mopere
652 2324 820 2371 mirari,
868 2323 984 2379 quod
1020 2322 1281 2363 Dirksenius
1322 2336 1404 2363 non
1444 2315 1633 2371 dubitat,
1666 2321 1740 2362 sed
1780 2321 1953 2362 omnino
1992 2325 2124 2375 negat
2158 2322 2230 2374 (p.
2260 2316 2396 2370 237),
2439 2321 2539 2357 ante

438 2407 669 2449 duodecim
700 2408 871 2451 tabulas
902 2408 1048 2466 legum
1089 2409 1305 2464 regiarum
1344 2408 1642 2450 collectionem
1682 2420 1777 2449 esse
1817 2405 2003 2456 factam,
2046 2417 2250 2460 eamque,
2296 2403 2332 2444 si
2369 2401 2536 2453 suisset,

436 2494 544 2536 urbe
573 2509 597 2536 a
617 2493 756 2537 Gallis
788 2495 980 2544 incensa,
1014 2495 1207 2551 potuisse
1239 2496 1415 2537 servari.
1478 2493 1545 2537 Ut
1574 2494 1683 2537 hanc
1714 2493 1974 2535 sententiam
2003 2495 2338 2562 mam-ffeatur,
2370 2490 2540 2531 incusat

435 2580 648 2621 incuriam
669 2580 917 2638 Pomponii,
951 2583 1077 2623 cuius
1101 2580 1228 2623 fidem
1248 2581 1352 2623 satis
1374 2579 1623 2623 defendisse
1643 2581 1767 2622 nobis
1788 2579 1998 2629 videmur,
2036 2577 2290 2633 Dionysium
2315 2589 2431 2624 vem,
2464 2577 2536 2630 qui

578 2740 615 2785 ³¹⁵)
651 2740 729 2775 Pro
757 2740 896 2778 Roscio
921 2743 1101 2779 Amerino
1126 2754 1158 2778 c.
1183 2745 1244 2779 25.

554 2816 613 2861 ΜΕ)
649 2815 752 2852 Ρ101.
783 2816 969 2854 Romulus
995 2832 1027 2854 c.
1055 2823 1115 2855 22.

533 2892 615 2937 ***)
650 2892 788 2928 Festus
815 2905 845 2928 s.
873 2906 908 2929 v.
937 2895 1092 2930 Plorare
1120 2908 1155 2940 p.
1181 2900 1265 2933 203.

507 2967 613 3011 *‘*”'**)
646 2952 704 3003 Cl‘.
733 2968 883 3014 Fragm.
914 2969 943 3003 1.
973 2970 1042 3004 vl.
1071 2976 1109 3005 et
1135 2970 1225 3007 VII.
1252 2972 1351 3007 inter
1377 2973 1479 3016 leges
1508 2970 1657 3005 Romuli
1685 2969 1723 3003 in
1755 2969 1945 3005 Difksenii
1972 2970 2116 3005 ⁰⁰¹¹e0t·

483 3044 614 3098 ***J³³·*)
650 3043 732 3080 Lib.
759 3045 812 3081 X.
841 3045 889 3081 ad
917 3046 1037 3091 legem
1065 3046 1200 3081 Iuliam
1228 3053 1265 3083 et
1293 3047 1467 3094 Papiam.
1493 3047 1518 3082 1.
1549 3049 1629 3082 144.
1658 3045 1707 3080 Ι).
1728 3045 1774 3081 de
1800 3046 1848 3082 V.
1879 3046 1918 3083 S.
1945 3045 2005 3092 (Ia.
2035 3046 2110 3092 16·)

460 3121 613 3165 mum)
649 3120 731 3156 Lib.
760 3121 961 3160 xxvm.
991 3124 1079 3169 mg,
1107 3123 1150 3158 L.
1173 3125 1210 3159 2.
1239 3124 1288 3160 D.
1315 3124 1362 3160 de
1389 3128 1536 3160 mortuo
1562 3121 1670 3158 infer.
1697 3120 1789 3167 (ΧΙ-
1817 3124 1870 3169 8-)

434 3198 608 3242 **'⁴*·*·*'·'·‘)
646 3197 731 3232 Lib.
760 3197 856 3242 sing.
883 3199 930 3234 de
957 3199 1164 3236 adulteriis.
1192 3200 1286 3235 Con.
1314 3200 1409 3244 legg.
1436 3199 1597 3235 Mosaic.
1625 3199 1697 3233 Tit.
1725 3199 1795 3234 lv.
1823 3199 1851 3240 §.
1879 3200 1912 3233 8.
