2940 3691
1191 283 1527 327 ...35—

317 421 502 464 condita.
534 426 706 478 praeter
747 414 1005 474 Dionysium
1051 413 1182 456 etiam
1221 412 1480 456 Plutarchus
1523 415 1590 466 (c.
1622 412 1705 465 12)
1750 414 2006 466 testatur.*)
2077 415 2170 458 Iam
2221 415 2277 458 ab
2322 415 2401 456 hoc

314 500 506 564 tempore
541 504 645 550 inde
683 503 792 546 baec
825 500 922 542 iura
957 499 1110 543 litteris
1139 498 1275 542 fuisse
1301 499 1571 556 consignata,
1600 512 1655 541 eo
1682 500 1813 542 etiam
1843 501 2139 557 cognoscitur,
2183 501 2296 557 quod
2347 502 2401 542 ab

318 592 481 635 exteris
502 606 555 636 ea
581 588 719 648 petita
738 600 833 631 esse
863 586 1152 643 con-sentiunt,
1182 585 1251 628 vel
1278 586 1333 628 ab
1352 584 1606 642 Aequicolis
1627 597 1704 627 seu
1723 583 1904 641 Aequis,
1936 585 2006 627 vel
2037 586 2091 627 ab
2121 585 2399 629 Ardeatibus.

320 676 446 731 Quae
475 673 766 732 discrepantia
801 688 853 717 eo
883 670 1066 721 tollitur,
1117 668 1232 725 quod
1269 682 1382 725 quae
1410 667 1561 713 Ancus
1590 673 1744 728 postea
1772 670 1952 722 addidit,
1973 672 2039 716 »ab
2068 669 2238 728 Aequis
2268 672 2397 715 dedu-

316 769 492 809 canton
523 775 633 816 quae
664 760 826 809 Numa,
858 758 914 801 ab
942 755 1209 799 Ardeatibus
1239 761 1340 798 sunt
1368 756 1518 813 petita.

438 904 598 948 Restat
626 911 675 946 ut
704 903 760 944 de
789 900 909 943 libris
940 898 1186 943 Pontificiis
1217 898 1447 950 disseram,
1480 899 1553 956 qui
1583 899 1767 943 omnium
1798 899 1974 942 fuerunt
2002 905 2048 943 et
2077 900 2325 957 amplissimi
2358 907 2402 944 et

315 992 571 1045 gravissimi.
627 986 864 1031 Pontifices
896 988 1010 1028 enim
1040 999 1246 1028 summam
1278 999 1495 1027 sacrorum
1526 1000 1667 1028 curam
1690 984 1918 1049 habebant,
1952 985 2094 1041 deque
2113 987 2239 1028 rebus
2267 990 2400 1031 sacris

320 1079 386 1116 ius
420 1078 638 1118 dicebant.
699 1073 887 1114 Maximi
917 1074 1073 1147 igittg·
1078 1050 1285 1113 momenti
1314 1071 1488 1112 suerunt
1516 1071 1627 1121 libri,
1660 1072 1733 1127 qui
1755 1072 1820 1112 ius
1845 1087 2013 1113 sacrum
2034 1072 2100 1113 vel
2123 1072 2399 1116 Pontificium

312 1161 503 1219 amplexi
547 1165 659 1203 sunt.
671 1159 746 1215 ²¹¹‘'¹¹‘)
814 1158 901 1201 Eos
936 1157 990 1200 ad
1020 1150 1212 1200 Numam
1240 1161 1457 1198 auctorem
1490 1169 1584 1197 esse
1613 1156 1790 1205 relatos,
1831 1157 1912 1197 etsi
1943 1156 2044 1198 alibi
2075 1171 2159 1198 non
2192 1166 2397 1209 exstaret,

311 1253 357 1289 et
394 1260 473 1304 per
511 1259 559 1289 se
599 1243 828 1288 verisimile
858 1248 946 1295 est,
988 1249 1035 1286 et
1064 1242 1276 1300 Dionysio
1306 1245 1365 1296 (c.
1396 1242 1472 1295 73)
1509 1242 1782 1286 credendum.
1853 1243 2009 1286 Libros
2042 1258 2140 1286 vero
2171 1246 2397 1301 genuinos,

310 1334 416 1375 urbe
460 1348 485 1375 a
531 1330 669 1374 Gallis
718 1330 916 1381 incensa,
983 1328 1148 1386 perisse
1197 1328 1282 1370 iam
1319 1312 1613 1385 probavimus
1632 1328 1754 1383 ***),
1814 1328 1943 1373 liceat
1988 1335 2129 1373 tamen
2176 1329 2256 1372 hoc
2304 1329 2397 1372 loco

311 1419 414 1459 alias
445 1417 681 1472 adiungere
711 1417 917 1469 rationes,
950 1429 1060 1470 quae
1092 1414 1365 1463 convincant,
1397 1413 1528 1455 libros
1549 1413 1815 1463 Pontificios,
1848 1431 1953 1470 quos
1980 1421 2134 1472 postea
2152 1415 2393 1463 servabant,

312 1519 368 1544 ex
399 1503 495 1545 aliis
532 1503 653 1544 libris
691 1517 788 1544 esse
826 1501 1093 1559 compilatos.
1156 1499 1209 1542 In
1240 1500 1316 1550 iis,
1357 1505 1469 1541 teste
1508 1499 1716 1556 Dionysio
1752 1499 2016 1552 (V111.56),
2056 1501 2198 1542 omnia
2227 1508 2398 1543 narrata

311 1595 447 1639 erant,
481 1602 607 1645 quae,
641 1589 746 1629 urbe
776 1603 802 1629 a
831 1587 1039 1645 periculo,
1073 1587 1186 1643 quod
1219 1586 1425 1627 intulerat
1445 1586 1637 1628 Marcius
1659 1570 1926 1637 Coriolanus,
1958 1588 2153 1638 liberata,
2187 1587 2396 1629 accidisse

311 1675 611 1718 credebantur.
674 1674 956 1730 Fragmenta,
1006 1687 1117 1729 quae
1155 1673 1335 1730 sparsim
1367 1679 1536 1715 servata
1564 1680 1684 1726 sunt,
1722 1680 1955 1731 praecepta
1991 1674 2121 1715 etiam
2160 1674 2394 1722 continent,

307 1775 418 1815 quae
480 1760 532 1801 ad
570 1759 802 1818 ⁴sacrificia
865 1764 1044 1801 cruenta
1094 1760 1339 1815 pertinent,
1427 1774 1538 1814 quae
1598 1738 1690 1801 iieri
1746 1758 1894 1801 Numa
1948 1759 2105 1807 noluit,
2164 1773 2394 1813 eorumque

306 1844 567 1886 mentionem
598 1843 796 1886 fecerunt
831 1845 874 1884 in
906 1858 1036 1885 causa
1068 1843 1266 1894 Horatii,
1298 1844 1428 1887 Tullo
1460 1851 1689 1901 regnante,
1729 1844 1977 1897 acta.****)
2034 1843 2107 1886 Ab
2140 1845 2246 1901 ipsis
2277 1844 2395 1886 libris

308 1930 550 1972 Pontificiis
583 1930 906 1984 distinguuntur
933 1928 1126 1971 Annales
1156 1930 1344 1973 Maximi
1375 1938 1420 1974 et
1451 1931 1591 1981 Fasti,
1625 1932 2021 1978 commentariorum
2052 1936 2196 1972 autem
2225 1931 2397 1973 nomine

305 2018 449 2057 cuncti
482 2015 787 2072 comprehendi
819 2007 1194 2069 videntur.****²¹‘§

420 2262 458 2306 *)
495 2260 646 2297 Partem
674 2261 803 2297 horum
840 2261 1014 2298 librorum
1051 2274 1166 2309 supra
1200 2276 1235 2310 p.
1266 2267 1309 2300 13
1360 2264 1510 2302 Romuli
1539 2264 1651 2301 aetati
1677 2263 1960 2306 vindicavimus,
1994 2266 2137 2308 partem
2174 2274 2197 2298 a
2221 2263 2330 2298 Tullo
2362 2268 2398 2297 et

499 2338 605 2374 Anco
638 2349 720 2374 esse
747 2338 934 2383 additam,
972 2345 1101 2386 postea
1129 2340 1353 2377 videbimus.
1406 2341 1463 2379 Cf.
1491 2342 1523 2379 Ι.
1550 2342 1599 2379 D.
1628 2341 1750 2379 Ritter
1774 2346 1811 2379 et
1837 2341 1867 2377 Ι.
1895 2340 1975 2377 Luz
2007 2339 2054 2376 de
2080 2337 2289 2376 Fetialibus
2317 2338 2393 2375 Po—

494 2415 572 2458 puli
601 2414 773 2450 Romani.
808 2415 912 2460 Lips.
943 2420 1045 2452 1732.
1096 2418 1212 2454 Andr.
1240 2418 1411 2464 Wagner
1436 2419 1484 2454 de
1511 2420 1718 2456 Fetialibus
1744 2425 1781 2455 et
1804 2419 1886 2454 iure
1911 2416 2058 2453 Fetiali.
2099 2416 2259 2452 Helmst.
2293 2420 2394 2452 1734.

496 2490 554 2523 Cf.
582 2491 831 2525 Wachsmuth
858 2503 895 2536 p.
921 2495 1003 2526 219.

397 2579 457 2622 **)
494 2578 594 2613 Plut.
623 2579 751 2614 Numa
778 2591 810 2614 c.
837 2583 872 2615 9.
903 2585 957 2616 12.
1010 2582 1114 2616 Serv.
1143 2583 1191 2616 ad
1217 2584 1323 2630 Virg.
1351 2585 1429 2620 Ecl.
1456 2586 1505 2620 V.
1533 2589 1592 2621 66.
1643 2587 1778 2630 Georg.
1806 2586 1836 2618 1.
1864 2588 1923 2618 21.
1976 2585 2070 2618 Aen.
2085 2584 2159 2617 IX.
2186 2586 2268 2617 641.
2296 2582 2392 2615 XII.

493 2657 576 2689 6⁰3.
629 2656 689 2689 De
715 2657 784 2690 hoc
809 2657 890 2692 iure
908 2658 1103 2693 Pontificio
1121 2659 1352 2705 scripserunt
1369 2662 1511 2697 Fabius
1526 2663 1655 2697 Pictor
1667 2663 1782 2707 (Gell.
1798 2662 1829 2696 Ι.
1847 2663 1920 2703 12),
1946 2660 2082 2700 Varro,
2107 2660 2224 2694 Iulius
2239 2660 2393 2694 Caesar.

495 2731 682 2766 Antistius
708 2732 855 2775 Labeo,
890 2734 1039 2771 Atteius
1066 2736 1200 2782 Capito
1231 2742 1269 2772 et
1304 2737 1519 2774 Fenestella
1552 2738 1666 2782 (Gell.
1693 2739 1762 2774 IV.
1788 2740 1824 2780 6,
1866 2737 2002 2772 Seneo.
2039 2737 2107 2781 Ep.
2136 2737 2215 2770 108.
2254 2735 2395 2769 Auctor

491 2808 538 2843 de
564 2808 656 2855 orig.
683 2814 783 2855 gent.
813 2810 940 2857 Rom.)

371 2901 455 2944 θ’)
490 2897 547 2935 Cf.
575 2910 689 2944 supra
717 2899 821 2936 Part.
850 2900 902 2936 II.
930 2913 966 2947 p.
992 2906 1051 2938 21.

345 2989 448 3033 ****)
488 2988 545 3023 Cf.
571 2999 668 3034 quae
694 2990 791 3024 infra
817 2991 848 3033 §.
876 2994 897 3025 3
924 2990 971 3024 de
995 2990 1075 3064 hg}
1092 3003 1210 3028 causa
1236 2993 1523 3038 disputabimus.

320 3079 447 3126 *****)
483 3081 562 3116 Cic.
603 3083 709 3117 Brut.
749 3095 781 3117 c.
820 3086 862 3117 14
906 3073 1123 3125 „Possu'mus
1165 3087 1334 3134 suspicari
1368 3088 1535 3122 disertum
1581 3086 1641 3122 Ti.
1680 3086 1956 3128 Coruncanium,
1997 3085 2091 3132 quod
2121 3098 2162 3119 ez·
2187 3081 2388 3130 pontificum

487 3159 744 3194 commentariis
771 3157 868 3205 Ionye
887 3157 1080 3207 plurimum
1105 3159 1245 3206 inqenio
1268 3159 1412 3197 valuisse
1435 3161 1634 3199 videatur.“

1856 3236 1929 3279 5*
