2940 3691
1187 258 1601 314 -33-'

323 493 436 537 trias
466 493 590 543 ritus,
609 488 952 549 pereqrinoQue
969 486 1258 537 adsciscendo.
1289 486 1557 531 turbaretur.
1620 486 1714 532 Nec
1738 487 1930 532 coelestes
1949 487 2072 531 modo
2100 487 2396 535 caerimonias,

319 581 395 622 sed
421 582 536 624 iusta
566 592 733 636 quoque
751 575 964 633 funebria
984 573 1310 631 placandosque
1329 572 1496 622 Manes,
1529 582 1578 616 ut
1595 573 1705 616 idem
1720 573 1933 630 Pontifex
1961 575 2176 624 edocerem
2206 590 2398 631 quaeqae

316 669 552 725 prodiqia,
564 664 828 721 fulminibus
856 663 994 704 aliove
1022 675 1108 716 quo
1136 660 1233 701 visu
1261 660 1406 709 missa,
1436 661 1753 715 susciperentur
1780 645 2225 723 atqueffarentur:
2262 663 2320 701 ad
2348 677 2398 703 ea

318 752 525 794 elicienda
564 765 614 791 ex
653 750 860 791 mentibus
895 747 1077 793 divinis,
1127 745 1230 786 Jovi
1268 746 1411 787 Elicio
1447 761 1571 787 aram
1610 748 1656 787 in
1694 747 1909 799 Aventino
1946 748 2129 794 dicavit,
2176 746 2397 802 Deumque

323 838 538 879 consuluit
566 837 783 894 auquriis,
826 846 937 890 qaae
972 832 1241 888 suscipienda
1277 837 1460 872 essent.“
1520 832 1616 873 Hos
1653 832 1804 882 libros,
1845 812 1952 888 qiios
1982 834 2110 874 etiam
2141 832 2299 875 Cicero
2328 835 2400 887 (de

324 922 440 980 Rep.
473 922 538 966 II.
569 923 651 976 14)
687 920 885 976 respicit,
924 916 1094 960 Gellius
1132 917 1222 969 (X.
1253 917 1324 959 15.
1355 912 1579 960 et⁴X11L
1610 917 1686 969 22)
1721 922 1809 958 tum
1850 918 1895 959 in
1933 931 2092 974 genere
2128 918 2399 961 sacerdotum

323 1006 526 1064 appellat,
558 1011 649 1048 tum
678 1003 731 1047 ad
764 1002 932 1060 singula
960 1002 1144 1074 gpllggia
1172 1002 1319 1052 refert,
1351 1002 1529 1055 Servius
1560 1010 1701 1049 autem
1730 1017 1946 1046 sacrorum
1977 1003 2168 1061 appellat
2195 1006 2264 1056 (ad
2287 1004 2398 1049 Aen.

324 1092 419 1136 IX.
450 1089 635 1145 408).*)>
688 1088 814 1142 Quae
851 1090 959 1132 de
1009 1069 1012 1073 ¹
1059 1067 1062 1072 .
1088 1071 1092 1080 Ι

325 1179 503 1237 alim-unq
533 1178 787 1234 scriptorum
818 1177 933 1218 locos
963 1159 1032 1218 a³d1
1074 1173 1208 1233 fiam,
1241 1192 1324 1218 non
1356 1192 1502 1220 omnes
1533 1178 1724 1233 quidem,
1757 1178 1830 1218 sed
1862 1192 1936 1219 eos
1967 1183 2152 1227 tantum,
2185 1178 2258 1232 qui
2289 1178 2402 1219 suffi-

1089 1104 1127 1138 u
1165 1088 1384 1147 Operibus
1429 1089 1607 1133 exhibet
1651 1091 1907 1147 Dionysius,
1960 1106 2214 1147 excerpam,
2262 1093 2400 1148 iisque

324 1266 440 1307 ciant
469 1264 521 1306 ad
555 1264 843 1306 testimonium
877 1262 1075 1320 Dionysii
1106 1261 1456 1305 confirmandum.
1527 1263 1597 1306 De
1636 1264 1903 1315 curionibus,
1957 1278 1983 1306 a
2031 1264 2184 1319 quibus
2233 1264 2400 1307 initium

326 1351 444 1406 capit
472 1354 528 1403 (c.
561 1349 637 1402 64)
666 1348 772 1391 haec
802 1349 1020 1404 leguntur:
1069 1347 1268 1392 Ἀπέδωκε
1298 1347 1342 1391 δὲ
1370 1352 1470 1403 μίαν
1498 1349 1570 1404 μὲν
1598 1351 1826 1407 ἱερουργιῶν
1856 1346 2042 1401 διάταξιν
2071 1356 2157 1399 τοῖς
2184 1345 2401 1405 τριάκοντα

325 1435 565 1490 Κουρίοσιν,
593 1430 664 1483 οὓς
693 1435 795 1488 ἔφην
818 1428 870 1475 τὰ
898 1427 1015 1475 κοινὰ
1046 1427 1172 1475 θύειν
1198 1430 1301 1488 ὑπὲρ
1330 1432 1412 1474 τῶν
1439 1434 1664 1488 φρατριέων
1688 1430 1788 1489 ἱερά.
1849 1432 1919 1475 De
1956 1432 2085 1482 libro,
2135 1432 2207 1487 qui
2257 1447 2402 1474 eorum

323 1533 444 1561 sacra
485 1518 770 1565 describeret,
817 1516 989 1559 aliunde
1026 1517 1129 1559 mihi
1168 1516 1343 1572 quidem
1381 1516 1487 1559 nihil
1522 1518 1725 1566 innotuit,
1777 1533 2031 1574 quamquam
2071 1519 2167 1574 ipsa
2196 1517 2402 1560 Curionia

292 1662 295 1667 ι
324 1618 448 1645 sacra
476 1601 728 1661 saepissiine
757 1601 1140 1652 memorantur.**)
1200 1600 1442 1643 Flaminum
1470 1616 1639 1658 quoque
1670 1604 1831 1660 scripta
1851 1618 1972 1645 sacra
1990 1604 2225 1660 Dionysius
2254 1605 2403 1660 paucis

321 1689 508 1733 indicat:
558 1684 633 1745 τὴν
673 1687 717 1732 δὲ
746 1687 940 1745 δευτέραν
979 1695 1066 1738 τοῖς
1101 1686 1366 1743 καλουμένοις
1413 1686 1484 1742 ὑφ’
1516 1684 1718 1744 Ἑλλήνων
1745 1684 2095 1745 Στεφανηφόροις,
2123 1684 2204 1731 ὑπὸ
2235 1687 2276 1732 δὲ
2301 1689 2404 1734 Ῥω-

320 1776 452 1827 μαίων
486 1769 707 1827 Φλάμιοιν.
767 1771 839 1815 Ex
881 1772 997 1815 hisce
1035 1772 1168 1815 multa
1206 1778 1375 1815 servata
1415 1779 1515 1816 sunt
1550 1774 1592 1816 in
1629 1775 1942 1817 commentariis
1974 1789 1998 1816 a
2029 1773 2182 1816 Servio
2215 1774 2268 1816 ad
2299 1774 2401 1817 Vir-

323 1857 416 1914 gilii
446 1858 645 1914 poemata
673 1859 845 1915 scriptis
878 1865 922 1901 et
952 1857 1064 1915 apud
1097 1856 1155 1900 A.
1184 1858 1389 1909 Gellium,
1423 1860 1496 1916 qui
1527 1858 1612 1914 (X.
1626 1859 1717 1910 15):
1764 1858 2111 1909 „Caerimoniae,
2143 1859 2299 1915 inquit,
2331 1859 2403 1900 im·

316 1944 490 1998 positae
506 1945 683 2000 flamini
714 1944 846 1986 Diali
875 1945 1046 1990 multae,
1081 1945 1179 1985 item
1209 1952 1355 1987 castus
1384 1946 1655 2001 multiplices,
1688 1960 1793 2002 quos
1824 1945 1870 1986 in
1902 1945 2044 1993 libris,
2079 1945 2154 2001 qui
2184 1943 2235 1985 de
2263 1958 2402 1985 sacer-

322 2028 491 2070 dotibus
525 2029 715 2084 publicis
751 2030 972 2085 compositi
1008 2036 1128 2077 sunt,
1181 2030 1278 2070 item
1316 2030 1362 2071 in
1402 2030 1531 2072 Fabii
1570 2030 1765 2072 Pictoris
1804 2028 2011 2071 librorum
2041 2029 2187 2084 primo
2222 2029 2409 2084 scriptos

325 2113 550 2170 quimus.“
610 2112 804 2155 Tribuno
837 2113 904 2155 vel
935 2114 1117 2155 tribunis
1148 2115 1278 2156 etiam
1310 2115 1525 2167 Celerum,
1558 2123 1643 2158 tres
1673 2117 1786 2157 enim
1816 2120 1940 2156 erant
1968 2114 2201 2156 secundum
2223 2114 2409 2155 tribuum

326 2183 574 2259 numerum,
615 2198 876 2255 peculiarem
908 2199 1057 2241 tribuit
1087 2198 1259 2241 librum:
1320 2196 1397 2257 τὴν
1430 2200 1474 2244 δὲ
1502 2205 1639 2256 τρίτην
1669 2209 1752 2251 τοῖς
1781 2195 1946 2255 ἡγεμόσι
1983 2200 2064 2241 τῶν
2091 2196 2314 2253 Κελερίων,
2342 2216 2412 2246 ους

323 2287 423 2340 ἐφην
463 2287 600 2334 ἱππεῖς
640 2302 684 2327 τε
724 2285 793 2327 καὶ
830 2279 974 2335 πεζοὺς
1013 2286 1358 2340 στρατευομένους
1397 2281 1582 2338 φυλακας
1611 2283 1943 2327 ἀποδείκνυσθαι
1971 2283 2051 2324 τῶν
2078 2280 2291 2371 βασιλέωο·
2344 2299 2412 2323 και

322 2363 398 2422 γὰρ
429 2384 545 2410 ουτοι
571 2370 815 2425 τεταγμένας
843 2363 960 2417 τἰνὰς
990 2371 1220 2425 ἱερουργίας
1248 2367 1478 2411 ἐπετέλουν.
1539 2368 1699 2424 Neque
1740 2369 1792 2409 de
1829 2368 1908 2409 hoc
1952 2366 2125 2423 scripto'
2123 2338 2259 2407 iqalibi
2290 2365 2410 2420 quid·

324 2465 450 2505 quam
480 2452 678 2507 legimus,
712 2466 981 2509 quamquam,
1015 2466 1111 2493 cum
1144 2458 1384 2494 ceterorum
1415 2421 1578 2511 scripta
1603 2456 1737 2497 fuisse
1767 2454 1888 2496 multi
1920 2459 2153 2503 testentur,
2184 2466 2326 2507 neque
2357 2451 2409 2490 de

324 2536 405 2577 hoc
439 2536 720 2578 dubitandum
753 2551 924 2579 censen.
987 2538 1057 2580 De
1089 2537 1208 2580 libris
1240 2538 1550 2596 Augur-alffius,
1583 2554 1689 2596 quos
1721 2544 1870 2596 quarto
1901 2538 1997 2579 loco
2028 2543 2245 2586 recenset,
2290 2535 2408 2578 multi

325 2622 558 2665 afferuntur
590 2628 778 2665 veterum
810 2623 909 2674 loci,
945 2638 1076 2680 quare
1107 2638 1248 2680 neque
1280 2623 1479 2682 Dionysii
1511 2626 1642 2668 verba
1673 2623 1999 2691 adsc¹ribo.***)
2058 2622 2223 2666 Vestae
2251 2621 2410 2664 cultum

443 2822 480 2865 ³²)
516 2820 762 2857 Wachsmuth
789 2833 825 2868 p.
847 2824 920 2858 218
944 2822 1027 2868 ipsa
1055 2833 1163 2859 sacra
1190 2822 1316 2859 Numa
1342 2821 1528 2869 Pompilio
1556 2821 1766 2869 antiquiora
1789 2825 1909 2867 putat.

420 2912 480 2956 ss)
514 2910 614 2945 Fest.
641 2920 671 2945 s.
696 2922 731 2945 v.
761 2910 876 2946 Curia
900 2922 937 2956 p.
965 2914 1024 2946 37.
1052 2910 1231 2947 Curionia
1254 2921 1366 2950 sacra
1390 2922 1427 2956 p.
1453 2913 1500 2945 47
1526 2914 1564 2945 et
1593 2910 1724 2946 Novae
1748 2911 1874 2946 curiae
1900 2922 1936 2955 p.
1967 2913 2045 2944 183.

397 2999 482 3045 ***)
515 2998 658 3034 Gellius
693 2999 811 3034 XIII.
851 3003 905 3034 14.
958 3000 984 3034 S
1126 2999 1163 3034 d.
1202 3000 1297 3035 Aen.
1335 2999 1404 3035 lv.
1431 3002 1489 3033 45.
1531 2998 1607 3034 IX.
1632 3002 1693 3034 20.
1744 3000 1801 3034 De
1835 2999 1881 3034 iis
1915 2998 2146 3042 scripserunt
2180 2998 2283 3033 Serv.
2322 2996 2412 3030 Fab.

515 3074 644 3110 Pictor
676 3074 802 3120 (Non.
838 3087 868 3110 s.
901 3088 936 3110 v.
973 2994 1157 3114 &a

516 3149 649 3185 Cicero
673 3150 797 3194 (Serv.
825 3151 873 3186 ad
897 3151 1003 3196 Virg.
1027 3152 1120 3187 Aen.
1147 3151 1196 3186 V.
1219 3153 1306 3198 737)
1331 3156 1367 3186 et
1392 3150 1583 3186 Veranius
1609 3152 1759 3197 quidam
1785 3151 1939 3195 (Festus
1966 3162 1996 3187 s.
2014 3164 2049 3186 v.
2076 3147 2242 3195 paludati
2266 3149 2415 3191 p.216).

1897 3227 1926 3268 5

1161 3076 1230 3120 s),
1270 3075 1415 3120 Appius
1449 3074 1614 3110 Pulcher
1649 3075 1809 3121 (Festus
1845 3086 1874 3110 S.
1910 3086 1945 3110 v.
1982 3074 2225 3110 Sonistimum
2253 3085 2288 3117 p.
2315 3072 2414 3114 242).
