2940 3691
1164 273 1525 331 —39-.

294 412 612 458 accommodata
627 408 807 469 fide.“-*²
826 407 962 452 ,Haec
992 403 1139 461 opinio
1168 403 1296 447 fidem
1327 410 1478 463 auget,
1510 403 1646 447 fuisse
1677 403 1751 446 hos
1783 402 1955 446 Numae
1987 403 2114 445 libros
2145 401 2372 458 genuinos,

296 500 398 556 quia
426 499 488 541 illi
516 511 691 555 quoque
721 492 1030 542 commentarii,
1061 491 1136 548 qui
1163 490 1311 534 traditi
1339 477 1478 541 erant,
1510 490 1747 533 doctrinam
1769 487 2043 546 Pythagorae
2062 502 2211 544 sapere
2223 486 2372 530 crede—

294 588 458 628 bantur.
520 580 845 627 Dubitationem
886 591 988 619 vero
1024 575 1193 618 excitat
1232 575 1289 616 de
1317 575 1468 617 bovum
1495 576 1685 631 ipsorum
1716 575 1978 630 integritate,
2010 573 2125 628 quod
2149 580 2369 628 „praetor,

293 674 409 715 lectis
438 681 580 713 rerum
609 665 791 713 summis,
824 678 917 705 cum
946 660 1333 709 animadvertisset,
1358 659 1569 717 pleraque
1599 660 1963 703 dissolvendarum
1993 659 2244 716 reliqionum
2272 673 2368 704 esse,

290 774 332 801 sc
360 753 658 799 iusiurandum
692 752 800 794 darc
828 753 1041 806 paratum
1069 759 1155 788 esse
1183 743 1350 795 aiebat,
1389 727 1522 787 libros
1549 761 1617 788 eos
1645 745 1728 804 leqi
1746 746 1994 802 servarique
2020 761 2104 787 non
2124 751 2368 802 oportere.·‘

296 842 399 884 Hoc
436 841 528 897 ipso
566 817 818 895 argumento
856 831 1065 883 efficitur,
1107 831 1152 873 in
1190 831 1245 873 iis
1285 830 1443 881 fuisse,
1490 832 1601 887 quod
1642 845 1669 874 a
1698 830 1870 874 Numae
1907 832 2209 881 monumentis,
2262 843 2371 884 quae

294 931 631 976 asservarentur,
670 921 875 966 differret.
936 917 1026 963 Sed
1064 931 1151 974 qua
1185 916 1241 960 de
1277 931 1408 962 causa
1442 917 1540 961 libri
1584 931 1679 962 cum
1716 919 1812 975 ipso
1850 924 2026 960 auctore
2063 916 2218 974 sepulti
2257 922 2369 963 sunt,

294 1014 374 1056 nisi
405 1012 507 1068 quid
539 1008 829 1057 continerent,
881 1005 995 1062 quod
1026 1004 1162 1048 taceri
1193 1003 1420 1048 voluisset?
1470 1004 1554 1048 nisi
1593 1005 1646 1047 iis
1682 1005 1908 1047 commissa
1937 1009 2104 1052 essent,
2144 1016 2253 1058 quae
2283 1002 2372 1043 sola

292 1097 496 1140 memoria
530 1093 691 1136 servari
729 1090 949 1135 iussisset?
1007 1087 1138 1143 Quae
1174 1102 1272 1132 cum
1313 1090 1355 1132 in
1386 1089 1645 1139 oblivionem
1676 1090 1914 1139 venissent,
1955 1102 2010 1131 ne
2050 1094 2367 1134 renovarentur,

290 1167 577 1238 periculosum
609 1179 744 1221 videri
774 1178 928 1234 potuit.
992 1175 1135 1217 Multa
1164 1190 1266 1217 vero
1296 1176 1494 1218 instituta
1524 1191 1549 1218 a
1570 1175 1714 1218 Numa
1744 1189 1825 1216 non
1857 1174 2011 1216 litteris
2041 1187 2138 1214 esse
2155 1172 2367 1220 mandata,

291 1266 453 1307 diserte
493 1265 644 1307 scribit
685 1263 921 1318 Dionysius
949 1259 1038 1314 (II.
1068 1260 1145 1313 74)
1188 1266 1233 1301 et
1276 1260 1458 1302 affirmat
1494 1259 1751 1301 Plutarchus
1787 1258 1954 1312 (Numa
1984 1274 2023 1299 c.
2055 1258 2143 1307 22).
2215 1257 2369 1312 Itaque

293 1351 703 1400 commentariorum,
736 1362 843 1405 quos
875 1346 1154 1389 asservabant
1184 1345 1387 1407 Romani,
1418 1345 1526 1388 fides
1555 1360 1639 1388 non
1668 1346 1885 1395 minuitur,
1916 1345 1992 1387 sed
2025 1346 2153 1386 etiam
2173 1351 2368 1399 augetur,

295 1436 504 1491 siquidem
547 1449 694 1478 verum
735 1439 824 1483 est,
871 1430 984 1487 quod
1030 1431 1280 1473 coniectura
1307 1432 1495 1473 assecuti
1527 1444 1689 1481 sumus,
1727 1431 1976 1487 pontificum
2016 1431 2146 1472 libros
2178 1436 2367 1476 cunctos,

294 1521 398 1561 urbe
428 1534 454 1561 a
471 1519 612 1561 Gallis
630 1524 771 1575 capta,
804 1517 1007 1558 incendio
1037 1531 1133 1558 esse
1162 1522 1455 1572 consumptos,
1488 1521 1639 1572 postea
1669 1530 1769 1557 vero
1798 1532 1825 1562 a
1843 1517 2046 1558 memoria
2063 1517 2202 1570 iisque
2223 1528 2366 1555 monu—

291 1605 461 1653 mentis,
494 1618 605 1660 quae
633 1608 804 1646 servata
831 1608 997 1651 essent,
1030 1603 1303 1643 instauratos.
1364 1601 1615 1643 Ceterorum
1645 1603 1757 1643 enim
1787 1602 2055 1643 sacerdotum
2085 1601 2182 1641 libri
2212 1602 2368 1640 servati

290 1690 503 1731 videntur.
518 1690 565 1741 *)
594 1674 597 1679 ’
622 1689 750 1739 Tum,
784 1703 895 1744 quae
926 1703 1005 1730 usu
1035 1703 1119 1730 non
1151 1688 1332 1745 amplius
1360 1689 1709 1738 observabantur,
1742 1697 1816 1730 aut
1845 1689 1886 1729 in
1920 1689 1997 1729 hac
2028 1702 2139 1728 nova
2168 1685 2367 1726 librorum

291 1777 544 1818 recensione
575 1776 876 1832 praetermissa
906 1781 1019 1826 sunt,
1051 1780 1127 1817 aut
1155 1789 1386 1832 suppressa
1406 1775 1566 1831 illoque
1585 1776 1713 1818 etiam
1733 1782 1926 1831 tempore
1947 1773 2135 1815 nondum
2153 1773 2197 1814 in
2221 1772 2368 1828 vulgus

290 1867 405 1904 nota.
467 1860 628 1916 Neque
657 1860 771 1904 enim
802 1861 1027 1918 quisquam
1059 1861 1189 1905 libros
1208 1860 1476 1919 pontifipales
1496 1860 1700 1905 ediderat.
1762 1859 1850 1903 Sed
1872 1859 2077 1917 quidquid
2097 1859 2368 1902 statuendum

290 1954 357 1987 est
386 1946 441 1988 de
473 1945 646 1988 Numae
682 1946 801 1988 libris
841 1962 937 1989 cum
968 1954 1145 1990 auctore
1175 1948 1377 2004 sepultis,
1424 1955 1569 1991 cetera
1599 1948 1779 2004 scripta,
1820 1962 1929 2003 quae
1960 1948 2051 1989 eius
2083 1961 2236 1989 nomen
2268 1962 2370 2003 prae

288 2046 335 2073 se
365 2031 580 2081 ferebant,
631 2037 717 2073 tam
746 2031 904 2082 multa,
958 2039 1043 2075 tam
1075 2033 1235 2090 ampla,
1284 2040 1458 2091 tamque
1490 2036 1606 2076 varia
1634 2034 1827 2082 fuerunt,
1880 2041 1926 2075 ut
1961 2048 2105 2075 eorum
2137 2047 2369 2076 consensus

289 2124 505 2159 auctorem
536 2132 658 2159 suum
689 2132 714 2159 e
743 2116 982 2160 fabularum
1012 2120 1200 2161 tenebris
1232 2121 1274 2161 in
1308 2122 1500 2164 veritatis
1521 2121 1659 2163 lucem
1677 2120 1912 2170 vindicent,
1945 2120 2249 2176 postulentque
2273 2134 2367 2161 eum

410 2325 449 2371 ⁴⁵)
485 2324 614 2359 Livius
637 2324 703 2369 (V.
718 2326 782 2373 40)
807 2325 854 2360 de
881 2325 1091 2360 Flaminum
1115 2331 1154 2361 et
1168 2326 1573 2372 virginumvestalium
1599 2328 1716 2364 sacris
1741 2339 1917 2373 expresse
1945 2328 2013 2362 hoc
2039 2327 2165 2362 tradit.
2194 2327 2367 2368 „Flamen

480 2400 640 2443 interim,
676 2399 817 2447 inquit,
854 2400 1054 2441 Quirinalis
1076 2400 1292 2449 virginesque
1320 2401 1484 2446 Vestales,
1509 2404 1630 2438 omissa
1654 2416 1772 2439 rerum
1795 2415 1936 2438 suarum
1960 2415 2058 2445 cura,
2084 2415 2172 2449 quae
2194 2414 2369 2436 sacrorum

478 2489 591 2512 secum
604 2477 770 2525 ferenda,
797 2490 886 2526 quae
910 2477 1017 2527 (quia
1040 2479 1131 2515 vires
1155 2479 1203 2515 ad
1224 2479 1340 2514 omnia
1352 2477 1508 2526 ferenda
1533 2481 1699 2529 deerant)
1723 2480 1950 2527 relinquenda
1974 2486 2095 2521 essent,
2129 2479 2366 2514 consultante-s.

479 2554 594 2601 quisve
618 2567 657 2590 ea
685 2554 777 2591 locus
790 2555 898 2603 fideli
920 2562 1158 2592 asservatum
1182 2557 1339 2592 custodia
1364 2564 1470 2597 esset;
1502 2557 1671 2604 optimum
1695 2558 1836 2598 ducunt,
1869 2557 2006 2591 condita
2031 2556 2069 2590 in
2095 2557 2230 2592 doliolis
2249 2557 2368 2591 sacello

476 2631 636 2677 pwximo
660 2632 799 2667 aedibus
812 2632 977 2680 flaminis
1000 2631 1218 2676 Quirinalis,
1252 2632 1313 2669 ubi
1345 2645 1436 2668 nunc
1467 2633 1587 2680 despui
1609 2632 1733 2680 reliyio
1758 2640 1825 2675 est,
1856 2634 2038 2680 defodere.-
2083 2640 2195 2669 cetera
2221 2635 2310 2668 inter
2334 2650 2368 2668 se

480 2719 580 2742 onere
609 2708 746 2754 partito
767 2708 900 2754 ferunt
934 2710 1004 2753 via,
1037 2722 1123 2756 quae
1149 2707 1305 2745 Sublicio
1332 2716 1439 2756 ponte
1472 2711 1566 2745 ducit
1599 2711 1647 2745 ad
1678 2709 1889 2746 Ianiculum.
1941 2709 1990 2744 In
2021 2722 2058 2744 eo
2092 2709 2175 2745 clivo
2204 2722 2260 2745 eas
2291 2723 2368 2745 cum

481 2782 528 2817 L.
556 2781 733 2825 Albinius,
760 2783 801 2818 de
817 2782 918 2829 plebe
945 2783 1107 2819 Romana
1132 2783 1241 2827 homo,
1266 2785 1508 2832 conspexisset,
1538 2784 1695 2832 plaustro
1720 2787 1897 2832 coniuyem
1920 2798 1962 2822 ac
1985 2786 2105 2821 liberos
2127 2786 2249 2821 vehens
2276 2788 2370 2821 inter

479 2865 627 2892 ceteram
653 2857 808 2900 turbam,
843 2870 931 2905 quae
966 2859 1105 2895 inutilis
1140 2859 1225 2895 bello
1259 2860 1342 2895 urbe
1366 2861 1568 2896 excedebat:
1603 2861 1696 2897 salvo
1719 2863 1826 2897 etiam
1853 2870 1925 2897 tum
1950 2862 2147 2897 discrimine
2171 2862 2367 2898 divinarum

480 2934 774 2981 humanarumque
797 2947 927 2977 rerum,
954 2935 1188 2982 irreliqiosum
1208 2943 1322 2979 ratus,
1347 2937 1536 2971 sacerdotes
1554 2936 1711 2984 publicos
1733 2951 1897 2986 sacraque
1913 2937 2034 2986 populi
2048 2937 2204 2974 Romani
2225 2941 2368 2987 pedibus

482 3013 544 3053 ire,
560 3009 745 3057 semique,
789 3023 824 3046 se
848 3023 889 3045 ac
912 3024 989 3047 suos
1013 3011 1051 3046 in
1075 3012 1229 3048 vehiculo
1254 3013 1403 3060 conspici
1414 3026 1425 3053 ;
1458 3014 1658 3049 descendere
1689 3027 1829 3050 uxorem
1855 3028 1895 3050 ac
1913 3027 2041 3062 pueros
2066 3015 2186 3055 iussit.
2219 3018 2367 3063 viryines

477 3099 642 3134 sacraque
666 3088 703 3122 in
722 3086 921 3134 plaustrum
943 3088 1128 3134 imposuit:
1153 3096 1187 3124 et
1215 3089 1334 3133 Caere,
1359 3102 1426 3136 quo
1450 3089 1519 3125 iter
1542 3091 1774 3127 sacerdotibus
1798 3098 1883 3132 erat,
1904 3091 2103 3137 pervexit.“
2155 3092 2210 3127 Cf.
2239 3092 2362 3128 Valer.

479 3160 584 3199 Max.
613 3163 644 3198 Ι.
674 3167 704 3198 1.
734 3165 789 3198 10.
841 3162 1059 3200 Pontificem
1084 3163 1296 3202 Maximum
1323 3164 1467 3202 Romae
1492 3167 1715 3205 remansisse
1740 3167 1838 3204 idem
1866 3167 1994 3204 Livius
2021 3172 2145 3205 narrat
2169 3167 2232 3203 (V.
2255 3171 2328 3212 41).
