2940 3691
1184 276 1522 323 —47—

306 409 519 467 Ulpianus
540 400 862 464 enimQFmgm.
872 406 929 450 T.
932 404 1090 457 XIX)
1117 406 1328 449 rationem
1353 405 1614 449 discriminis
1634 406 1801 450 addidit
1821 409 2102 464 luculentam:
2120 411 2191 466 ‚‚§.
2203 412 2250 454 1.
2260 412 2390 453 Man-

304 495 412 553 cipi
423 510 492 540 res
520 502 623 539 sunt
643 491 835 552 praemon
865 493 911 536 in
940 493 1100 536 Italico
1126 492 1233 543 solo,
1266 498 1356 536 tam
1372 492 1561 540 rustica,
1593 493 1736 549 qualis
1763 501 1825 536 est
1832 496 2022 549 fundus
2055 512 2183 553 quam
2204 499 2389 549 urbana,

305 581 450 638 qualis
486 589 549 624 est
573 581 753 627 domus·
797 581 894 622 item
924 581 1025 621 iura
1048 578 1332 635 praed‘wrum
1362 578 1639 628 rusticorum,
1646 580 1782 646 velut
1811 581 1898 629 via,
1932 581 2030 630 iter,
2063 589 2198 632 actus,
2232 598 2388 639 aquae-

305 667 484 711 ductus:
518 666 618 709 item
639 666 753 708 servi
780 672 821 708 ct
850 662 1166 722 quadrupedes,
1199 676 1321 719 quae
1338 662 1467 705 dorso
1494 663 1652 705 collove
1646 619 1924 714 3domantur,
1958 667 2072 708 velut
2102 667 2236 716 boves,
2269 671 2385 718 muli,

304 753 415 810 oqui,
448 727 577 793 asirii.
637 750 676 806 ξ.
693 748 740 794 3.
774 747 1051 805 Mancipatio
1073 747 1265 804 propria
1293 747 1449 804 species
1466 746 1739 792 alienationis
1770 757 1833 793 est
1852 745 1993 796 νᾶηηι
2016 753 2226 810 mancipi:
2257 770 2387 811 eaque

294 839 358 893 fit
379 838 509 879 certis
531 835 683 884 verbis,
717 833 955 890 libripende
983 840 1024 875 ct
1052 833 1240 890 quinque
1269 832 1445 875 testibus
1458 833 1766 897 praesentibus.
1828 835 1927 890 §.qk
1960 833 2237 894 Mancipatio
2256 840 2388 882 locum

305 899 430 964 habet
445 924 560 963 inter
588 922 700 963 cives
716 920 933 962 Romano,
961 926 1002 960 et
1019 918 1205 961 Latinos
1234 916 1509 966 cotoniarios,
1544 918 1804 976 Latinosque
1834 921 1864 962 I
1865 922 2059 969 uniones,
2092 938 2240 979 eosque
2262 940 2384 980 pere-

299 1011 472 1069 pinos,
512 1007 666 1066 quibus
694 1007 985 1048 commi-cium
1022 1007 1171 1047 datum
1200 1012 1277 1047 est.
1337 993 1376 1060 ξ.
1404 1004 1451 1046 5.
1491 1004 1789 1047 Commercium
1819 1015 1880 1048 est
1911 1009 2074 1049 emendi
2103 987 2389 1066 vendendique

304 1096 478 1139 invicem
514 1095 631 1137 ius.“
699 1092 823 1136 Vitio
865 1092 1058 1152 Ulpiano
1100 1091 1209 1133 verti
1250 1095 1418 1150 potest,
1471 1091 1585 1147 quod
1626 1094 1867 1142 commercii
1917 1094 2134 1134 notionem
2186 1096 2239 1136 ad
2285 1108 2387 1136 suae

305 1180 460 1227 aetatis
491 1193 614 1224 usum
643 1180 861 1238 exposuit,
894 1192 979 1224 non
1009 1178 1064 1223 ad
1100 1159 1307 1222 historiae
1343 1176 1472 1220 fidem
1510 1177 1784 1220 examinavit.
1843 1177 1960 1221 Satis
1978 1180 2100 1222 'enim
2129 1184 2282 1221 notum·
2306 1184 2385 1228 est,

305 1264 515 1311 Romanis
546 1281 642 1310 cum
677 1263 843 1309 Latinis
871 1264 1006 1309 fuisse
1035 1241 1316 1319 connubiunffi‘
1339 1262 1380 1307 ·i.
1412 1276 1452 1307 e.
1483 1262 1550 1306 ius
1580 1263 1845 1313 matrimonia
1873 1264 2057 1310 invicem
2088 1264 2312 1322 iungendi,
2343 1270 2387 1308 et

306 1352 607 1396 commercium
644 1352 674 1394 i.
712 1367 752 1394 e.
792 1366 876 1393 uon
911 1352 978 1393 ius
1015 1349 1186 1393 emendi
1228 1354 1275 1393 et
1322 1348 1560 1400 vendendi,
1613 1331 1721 1406 quid
1767 1352 1964 1395 omnibus
2002 1351 2168 1409 pacatis
2213 1349 2383 1407 populis

304 1453 529 1500 commune
547 1445 655 1489 erat,
689 1438 765 1480 sed
789 1443 837 1479 ut
853 1436 1076 1479 Romanus
1095 1437 1152 1487 ei,
1174 1450 1360 1492 quocum
1378 1435 1554 1493 publice
1574 1436 1655 1478 hoc
1673 1442 1842 1493 pactum
1860 1443 1966 1487 erat,
1998 1435 2177 1501 praedia
2198 1434 2384 1476 vendere

303 1531 348 1565 et
378 1525 432 1566 ab
462 1539 515 1566 eo
545 1539 689 1566 emere
719 1529 880 1581 posset.
943 1522 1242 1567 Omnesvero
1268 1535 1339 1563 res
1369 1521 1559 1577 mancipi
1580 1516 1658 1563 eae
1678 1527 1786 1571 sunt,
1818 1523 1912 1564 sine
1940 1523 2095 1577 quibus
2118 1536 2204 1563 non
2222 1524 2383 1577 potuis-

301 1616 398 1652 sent
427 1610 616 1666 praediis
651 1611 713 1651 uti
747 1615 793 1651 et
816 1609 916 1658 frui,
956 1623 1062 1663 quas
1094 1612 1249 1664 postea
1283 1606 1564 1651 iureconsulti
1595 1608 1819 1652 inventarii
1853 1609 2023 1649 nomine
2052 1614 2152 1649 sunt
2173 1609 2380 1663 amplexi:

300 1695 514 1736 contendo
557 1696 690 1751 igitur
728 1695 875 1778 harum
913 1708 1056 1734 rerum
1090 1692 1279 1748 mancipi
1315 1692 1681 1733 abalienationem
1706 1700 1752 1732 et
1787 1694 2115 1746 acquisitionem
2160 1693 2270 1733 inter
2307 1708 2379 1732 eos

300 1785 466 1823 tantum
495 1779 657 1823 licitam
687 1780 852 1830 fuisse,
876 1780 990 1822 inter
1019 1792 1126 1836 quos
1156 1777 1263 1820 illud
1293 1778 1595 1820 commercium
1617 1783 1741 1820 esset.
1803 1777 1890 1818 His
1911 1777 2142 1827 concessis,
2175 1791 2226 1817 eo
2248 1777 2379 1817 tutius

300 1865 631 1953 mancipationis
661 1865 1008 1921 discriminisque
1037 1866 1151 1907 inter
1184 1877 1251 1907 res
1282 1850 1470 1922 manffpi
1500 1869 1545 1907 et
1575 1877 1655 1905 nec
1680 1863 1867 1920 mancipi
1897 1864 2209 1905 institutionem
2230 1861 2381 1904 Servio

299 1950 445 1992 Tullio
487 1922 777 2000 vindicamus,
821 1956 975 2007 utpote
1015 1951 1090 2006 qui
1127 1950 1290 2006 primus
1328 1949 1539 1992 eiusmodi
1576 1950 1823 1994 societatem
1876 1965 1972 1992 cum
2013 1949 2181 1992 Latinis
2233 1951 2378 1997 inisse,

299 2037 527 2093 omniaque
557 2037 652 2077 iura
681 2040 883 2077 accurate
919 2036 1204 2093 descripsisse
1234 2036 1404 2078 dicatur
1439 2036 1592 2088 (Dion.
1605 2035 1685 2077 IV.
1705 2036 1776 2078 25.
1789 2036 1860 2078 26.
1889 2036 2022 2079 Nieb.
2034 2036 2099 2078 II.
2121 2052 2163 2092 p.
2175 2038 2231 2079 17
2249 2041 2378 2092 sqq..)

299 2123 443 2180 Leges
464 2123 553 2165 aeri
573 2122 732 2164 incisas
754 2122 797 2163 in
819 2121 979 2178 templo
993 2120 1210 2175 Dianae*)
1231 2122 1276 2163 in
1296 2127 1441 2165 monte
1453 2121 1677 2165 Aventino
1689 2128 1775 2164 tum
1794 2121 2021 2165 aedificato
2042 2123 2135 2179 ipse
2145 2121 2378 2179 Dionysius

299 2209 420 2251 vidit.
481 2208 555 2249 Ad
576 2207 775 2249 Servium
798 2207 986 2262 denique
1006 2207 1224 2250 retulerim
1243 2208 1373 2250 etiam
1404 2207 1524 2264 leges
1553 2206 1768 2264 quasdam,
1802 2224 1980 2264 quarum
2011 2214 2160 2251 auctor
2188 2223 2273 2249 non
2306 2223 2377 2249 no-

295 2295 495 2342 minatur,
529 2308 640 2349 quae
668 2308 764 2335 oum
792 2307 931 2335 rerum
953 2293 1177 2350 mancipi
1161 2308 1258 2351 ραι-θ
1282 2293 1562 2344 cohaereant,
1599 2294 1732 2350 legem
1763 2293 1860 2335 dico
1884 2294 2193 2349 mancipiorum
2218 2293 2376 2348 (Varro

297 2380 349 2421 L.
382 2378 684 2433 1..V1.·74),
725 2379 996 2436 praediorum
1028 2380 1285 2420 urbanorum
1318 2378 1396 2433 (V.
1427 2379 1524 2433 27),
1559 2379 1844 2421 aedificiorum
1876 2378 1954 2474 (V.
1986 2379 2080 2428 42),
2122 2394 2376 2433 quamquam

299 2465 380 2506 hoc
411 2476 489 2519 pro
518 2469 638 2504 certo
668 2463 866 2505 affirmari
899 2477 982 2504 non
1013 2469 1170 2520 potest.

320 2593 331 2607 „
410 2560 565 2603 Fastos
612 2576 637 2603 a
667 2560 821 2604 Servio
850 2562 995 2604 Tullio
1025 2577 1120 2605 esse
1150 2564 1323 2617 editos,
1357 2566 1438 2606 etsi
1477 2566 1701 2607 memoriae
1740 2579 1823 2606 non
1862 2539 2085 2623 proditur,x
2127 2564 2374 2606 sumendum

295 2654 438 2690 tamen
468 2654 550 2699 est,
583 2648 683 2704 quia
714 2649 957 2704 gravissimi
998 2627 1194 2693 auctoies
1226 2652 1267 2692 ei
1290 2652 1493 2704 tribuunt
1528 2666 1682 2694 novam
1708 2652 1912 2708 temporis
1943 2651 2218 2708 computandi
2248 2651 2374 2692 ratio-

293 2746 405 2776 nem.
467 2731 593 2776 Nihil
633 2732 806 2790 quidem
845 2734 1056 2779 eiusmodi
1094 2736 1145 2780 ad
1186 2751 1285 2781 eum
1321 2734 1527 2789 refertur,
1573 2737 1687 2795 quod
1713 2751 1797 2779 non
1827 2737 1952 2779 simul
1983 2743 2057 2781 aut
2086 2736 2272 2778 Romulo
2303 2742 2380 2779 aut

294 2817 467 2862 Numae
496 2818 779 2870 adscribatur,
812 2819 887 2863 sed
921 2819 1027 2865 baec
1058 2821 1366 2880 repugnantia,
1407 2838 1517 2880 quae
1549 2824 1733 2875 videtur,
1766 2825 1881 2867 iusta
1911 2824 2011 2868 crisi
2040 2822 2168 2866 facile
2197 2814 2405 2865 tollitur.

292 2903 636 2952 „Nundinarum
667 2905 891 2962 oriyinem‚
924 2906 1067 2962 inquit
1082 2907 1334 2952 Macrobius
1354 2909 1692 2964 (Saturn.I.16)‚
1725 2910 1900 2973 quidam
1924 2908 2106 2952 Romulo
2135 2909 2373 2965 assiqnant,

290 3003 410 3044 quem
440 2991 749 3032 communicato
780 3006 911 3049 reyno
940 3007 1032 3035 cum
1070 2994 1119 3035 T.
1161 2995 1301 3060 Tatio,
1336 2998 1566 3052 sacrificiis
1597 3005 1639 3039 et
1669 2996 1972 3038 sodalitatibus
2003 2996 2228 3043 institutis,
2269 3011 2372 3036 nun—

406 3149 442 3193 *)
477 3148 534 3183 Cf.
561 3150 738 3185 Ursinum
766 3151 812 3186 ad
839 3152 938 3187 Fest.
966 3163 995 3188 s.
1022 3164 1057 3187 v.
1088 3153 1193 3189 Nesi.
1221 3166 1257 3198 p.
1288 3158 1367 3191 178.
