2940 3691
1212 289 1547 336 -41-

338 425 616 476 illustratam,
658 424 757 469 iam
762 405 933 501 ιρι·
947 417 1173 463 Ciceronis
1210 419 1458 463 testimonio
1495 418 1689 477 probavi.
1695 418 1744 473 *)
1801 418 1947 477 Leges
1985 421 2040 464 de
2075 422 2309 480 parricidio
2339 424 2420 466 iam

338 518 430 555 tum
459 512 593 555 suisne
614 509 834 556 numm.
863 503 941 549 sed
973 519 1063 549 non
1088 518 1198 557 eam,
1230 517 1344 562 quae
1358 504 1485 548 hanc
1503 504 1622 549 litem
1638 504 1870 550 dirimeret.
1930 504 2136 551 Accessit
2153 510 2282 551 etiam
2313 523 2425 552 nova

339 596 489 640 iudicii
518 595 652 639 ratio·
669 597 770 636 tum
801 591 998 649 primum,
1030 595 1145 633 teste
1175 577 1529 648 Dionysioefissl.
1553 589 1644 642 22),
1673 595 1786 634 totus
1815 591 2024 648 populus,
2026 572 2111 636 Ἥ
2139 605 2287 648 quem,
2319 608 2424 651 reg-e

338 683 568 730 suadente,
608 684 953 740 provocaverat
980 676 1037 720 de
1074 675 1211 719 caede
1248 675 1458 718 iudicium
1494 676 1605 718 tulit.
1666 673 1925 718 Dirksenius
1956 677 2182 732 contendit
2210 681 2272 734 (p.
2302 679 2420 731 341),

338 779 423 808 nou
451 764 593 833 legem
622 776 718 805 esse
746 747 964 819 rogatam,
1010 772 1123 815 quae
1152 759 1216 803 in
1226 758 1417 801 futurum
1447 759 1631 810 valeret,
1670 760 1744 802 sed
1783 774 1895 815 quae
1932 761 2064 803 solam
2094 763 2222 804 istam
2253 777 2423 805 causam

339 848 581 900 decideret;
610 847 799 904 ideoque
827 844 954 888 huius
985 843 1137 887 iudicii
1165 842 1369 887 formulas
1406 845 1520 888 inter
1548 844 1667 901 leges
1707 844 1846 901 regias
1876 844 2071 901 recipere
2100 845 2251 891 noluit.
2312 846 2423 890 Eum

340 949 442 977 vero
473 934 543 978 hic
574 945 748 991 quoque
766 941 958 981 errasse,
989 936 1037 973 et
1065 929 1222 974 Cicero
1251 931 1407 987 arguit,
1447 935 1494 973 et
1521 930 1574 973 ad
1606 929 1807 987 populum
1838 932 2099 987 provocandi
2129 934 2195 975 ius
2226 934 2423 977 dubitare

338 1036 429 1063 non.
452 1022 574 1070 sinit,
616 1018 731 1075 quod
774 1023 864 1060 tum
902 1018 1184 1059 constitutum
1222 1031 1281 1058 ex
1312 1016 1392 1058 hoc
1422 1021 1616 1072 tempore
1644 1015 1744 1057 inde
1772 1016 2030 1069 mansit.**)
2089 1017 2141 1059 In
2173 1019 2423 1074 pontificum

339 1108 459 1150 libris
490 1106 615 1148 huius
647 1117 803 1146 causae
832 1102 992 1145 factam
1023 1116 1120 1144 esse
1149 1103 1431 1152 mentionem,
1481 1116 1579 1143 cum
1614 1101 1829 1143 incaede
1865 1103 2085 1158 expianda
2121 1105 2174 1145 iis
2205 1105 2421 1160 peculiare

337 1184 559 1247 negotium
588 1189 736 1232 datum
755 1193 885 1239 esset,
918 1202 1002 1230 non
1034 1193 1116 1237 est,
1148 1186 1261 1242 quod
1280 1200 1502 1242 negemus.
1566 1185 1680 1242 Ipsis
1699 1192 1839 1229 tamen
1854 1187 2041 1243 publicis
2060 1188 2230 1244 legibus
2251 1190 2422 1245 piacula

337 1290 434 1319 esse
462 1276 685 1332 imperata,
718 1272 891 1318 Claudii
911 1271 1158 1329 exemplum
1188 1271 1330 1323 docet,
1362 1271 1574 1327 siquidem
1594 1271 1765 1329 Lips'us
1796 1278 1916 1315 recte
1937 1273 1990 1315 ad
2010 1273 2223 1316 Horatiae
2243 1275 2418 1317 caedem

338 1361 486 1404 retulit
514 1360 659 1402 Taciti
688 1359 828 1402 locum
859 1358 997 1410 (Anu.
1028 1355 1152 1400 XII.
1183 1356 1253 1410 8),
1294 1356 1606 1435 UbkClaudiU-‘l
1637 1356 1890 1413 Imperator,
1922 1364 2149 1415 postquam
2179 1358 2417 1411 Calvinam,

338 1460 523 1489 sororem
555 1445 709 1495 Silani,
742 1446 817 1501 qui
847 1444 1128 1485 voluntariam
1156 1448 1335 1485 mortem
1365 1443 1449 1484 sibi
1473 1444 1751 1493 consciverat,
1785 1443 1915 1486 Italia
1934 1444 2118 1501 expulit,
2148 1460 2275 1486 sacra
2294 1447 2417 1487 addi-

335 1533 445 1575 disse
480 1531 639 1574 dicitur
675 1545 727 1573 ex
757 1529 917 1588 leqilms
951 1527 1086 1577 Tulli,
1127 1528 1260 1585 regis,
1293 1528 1558 1585 piaculaque
1594 1530 1714 1586 apud
1747 1530 1911 1573 Lucum
1948 1530 2127 1573 Dianae
2157 1545 2239 1587 per
2268 1534 2415 1588 ponti-

321 1607 428 1670 fices
456 1616 618 1658 danda.

448 1699 522 1741 Ex
553 1700 869 1742 commentariis
909 1699 1034 1741 huius
1071 1699 1186 1754 regis
1225 1699 1504 1740 innotuerunt
1539 1699 1714 1742 foedera
1748 1700 1954 1756 deinceps
1992 1713 2087 1741 cum
2119 1697 2300 1740 Albanis
2330 1699 2417 1741 icta

336 1790 381 1825 et
418 1785 512 1826 iura
548 1786 601 1826 iis
639 1799 847 1826 concessa
894 1783 1021 1835 (Liv.
1055 1784 1094 1826 I.
1125 1783 1196 1826 24.
1226 1783 1322 1837 30).
1391 1783 1626 1828 Praeterea
1674 1800 1781 1841 quae
1818 1799 1915 1826 cum
1953 1783 2126 1826 Sabinis
2163 1788 2208 1825 et
2250 1781 2416 1825 Latinis

334 1875 461 1923 pacta
491 1875 605 1919 suut,
637 1869 789 1911 eodem
820 1869 947 1911 modo
977 1869 1032 1911 ad
1063 1874 1257 1925 posteros
1281 1873 1577 1929 Vpeererunt
1612 1870 1762 1921 (Dion.
1796 1869 1890 1912 III.
1921 1869 1991 1911 33.
2022 1868 2111 1919 34).

449 1953 585 1996 Sacra
622 1953 809 2009 denique
847 1967 958 1994 nova
996 1952 1211 1995 Saliorum
1248 1952 1444 1996 condidit
1478 1953 1646 2013 Tullus.
1726 1953 1872 1997 Numa
1909 1954 2153 1996 instituerat
2190 1950 2418 1994 duodecim

335 2055 359 2081 a
389 2039 582 2090 Palatio,
623 2040 694 2081 ubi
726 2040 913 2081 sacraria
941 2039 1179 2088 habebant,
1220 2037 1446 2080 Palatinos
1477 2040 1788 2090 denominatos,
1827 2041 1880 2080 iis
1919 2040 2071 2081 Tullus
2110 2039 2278 2080 addidit
2313 2040 2415 2080 duo-

337 2126 475 2167 decim
508 2138 566 2167 ex
598 2129 711 2172 voto,
744 2123 857 2179 quod
889 2124 933 2165 in
964 2123 1077 2165 bello
1098 2123 1261 2165 Sabino
1291 2123 1470 2174 fecerat,
1502 2124 1755 2180 Agoneuses
1786 2125 1855 2167 vel
1874 2124 2081 2174 Collinos,
2113 2124 2254 2179 quiin
2274 2131 2416 2166 monte

331 2210 505 2266 Agonio
533 2225 567 2251 s.
590 2210 759 2252 Collino
785 2226 819 2252 s.
834 2208 1050 2261 Quirinali
1070 2225 1193 2254 sacra
1211 2190 1584 2263 facerent,(Di01i.
1600 2209 1743 2253 IL70.
1767 2209 2014 2264 Liv.1.27).
2053 2208 2106 2250 In
2126 2225 2273 2254 eorum
2294 2228 2415 2253 usum

332 2295 571 2352 peculiares
603 2296 862 2351 compositos
894 2309 988 2336 esse
1018 2294 1149 2337 libros
1181 2296 1309 2338 docet
1339 2295 1482 2338 Varro
1511 2296 1582 2350 (L.
1599 2295 1651 2337 L.
1666 2295 1750 2338 VI.
1769 2296 1866 2349 14):
1899 2296 1988 2346 „In
2019 2296 2143 2337 libris
2173 2297 2407 2341 Saliorum.

329 2395 512 2436 quorum
542 2394 766 2438 coynomen
797 2381 1104 2438 Aqonensium,
1126 2383 1330 2438 forsitan
1362 2383 1432 2424 hic
1461 2383 1551 2424 dies
1578 2382 1821 2440 appellatur
1851 2382 2193 2439 Aqonia.“***)
2255 2380 2409 2423 Utrum

446 2504 484 2548 *)
519 2502 598 2538 Cic.
625 2515 681 2548 pr.
711 2504 809 2539 Rab.
836 2516 869 2541 c.
895 2508 932 2540 4.
971 2505 1018 2541 cf.
1045 2516 1159 2550 supra
1186 2506 1239 2542 II.
1266 2517 1303 2551 p.
1332 2509 1388 2542 19.

422 2579 483 2624 ⁴³⁸)
518 2578 597 2614 Cic.
625 2578 672 2614 de
700 2579 796 2626 Rep.
824 2581 877 2616 11.
903 2584 962 2617 31.
1015 2582 1115 2618 Fest.
1141 2593 1171 2617 s.
1200 2593 1233 2618 v.
1260 2581 1454 2619 Sororium
1479 2582 1645 2627 tigellum
1671 2592 1706 2627 p.
1731 2585 1813 2617 240.
1867 2582 2001 2618 Senec.
2023 2582 2190 2628 Ep.108.
2243 2580 2412 2615 Niebuh-

507 2653 595 2688 -rius
619 2653 668 2697 (Ι.
685 2665 722 2699 p.
738 2658 811 2691 288
824 2661 862 2691 et
873 2658 962 2703 383)
987 2657 1054 2692 has
1080 2656 1272 2700 formulas,
1296 2669 1392 2704 quas
1416 2658 1632 2703 po'efflatum
1659 2658 1894 2703 antiquorum
1919 2664 2029 2704 putat
2053 2657 2239 2704 reliquias,
2266 2666 2286 2690 e
2310 2654 2415 2690 libris

518 2729 725 2765 Pontificiis
750 2731 898 2775 repetit,
923 2744 1009 2767 cum
1025 2733 1156 2769 Cicero
1182 2744 1232 2768 ex
1255 2734 1314 2769 his
1340 2734 1387 2769 de
1412 2733 1677 2779 provocatione
1700 2733 1869 2768 notitiam
1897 2733 2103 2787 depromat,
2132 2742 2242 2776 quam
2269 2742 2339 2774 ego
2365 2740 2414 2765 ex

516 2815 646 2848 regum
678 2806 955 2841 commentariis
987 2808 1137 2843 demum
1169 2808 1209 2843 in
1242 2809 1328 2848 illos
1361 2809 1543 2846 transisse
1581 2821 1726 2846 censeo.
1793 2809 1851 2844 Cf.
1894 2819 1995 2855 quae
2034 2819 2148 2852 supra
2166 2788 2212 2849 ·§·
2247 2809 2271 2841 2
2305 2817 2343 2850 p-
2369 2808 2418 2840 35

515 2881 562 2915 de
587 2880 691 2917 libris
717 2882 926 2918 Pontificiis
952 2884 1118 2922 diximus
1142 2890 1228 2933 post
1252 2885 1384 2920 urbem
1416 2897 1438 2920 a
1465 2886 1583 2921 Gallis
1608 2886 1798 2922 incensam
1824 2886 1971 2921 refictis.

395 2959 477 3003 **·*·)
511 2958 617 2993 Haec
642 2971 717 2995 non
744 2960 792 2995 ad
817 2961 850 3004 ᾗ.
881 2964 945 3004 14,
979 2961 1044 2996 ubi
1076 2962 1115 2997 in
1142 2962 1246 2998 libris
1272 2963 1466 3007 leguntur,
1503 2962 1689 3007 pertinere
1717 2967 1883 3008 apertum
1908 2966 1985 3003 est,
2021 2960 2087 2996 sed
2114 2959 2163 2996 ad
2190 2960 2222 3004 §.
2252 2961 2316 3000 12,
2351 2956 2414 2993 ubi

516 3039 666 3071 exstat:
719 3036 943 3082 ,‚A9‹males‚
973 3050 1040 3085 per
1064 3051 1148 3085 quos
1170 3052 1233 3073 rea:
1258 3040 1296 3074 in
1319 3039 1416 3084 reyia
1441 3040 1586 3074 arietem
1612 3040 1784 3081 immolat,
1809 3038 1896 3073 dicti
1919 3036 1961 3071 ab
1986 3048 2106 3083 ayone,
2132 3048 2170 3071 eo
2193 3034 2283 3081 quod
2306 3034 2413 3067 inter-

516 3119 661 3157 rogatur
686 3126 707 3148 a
728 3114 890 3161 principe
914 3114 1066 3149 civitatis
1090 3121 1125 3150 et
1145 3117 1310 3163 princeps
1331 3116 1448 3161 yreyis
1473 3116 1714 3152 immolatur.“
1765 3114 1821 3150 Cf.
1856 3114 1956 3149 Fest.
1983 3124 2013 3149 s.
2042 3124 2076 3149 v.
2109 3112 2288 3158 Agonium
2313 3121 2350 3155 p.
2376 3113 2412 3150 9,

512 3185 725 3224 Axamenta
751 3200 787 3234 p.
816 3192 851 3232 3,
880 3189 1169 3235 Septimontium
1195 3202 1232 3236 p.
1259 3193 1323 3226 261
1355 3195 1393 3226 et
1419 3190 1543 3228 Salias
1568 3190 1731 3236 virgines
1755 3202 1792 3236 p.
1817 3192 1901 3225 255.
2032 3237 2060 3277 6
