2940 3691
1337 310 1670 355 -36-

571 437 705 479 Aliud
749 438 971 495 singulare
1012 438 1220 494 scriptum
1271 439 1484 504 continuit
1520 452 1645 481 sacra
1684 439 2007 495 Argeorum*)‚
2064 442 2187 484 ouius
2224 442 2436 500 reliquiae
2473 457 2550 487 ex-

453 530 570 568 stant
599 523 715 582 apud
747 523 1005 574 Varronem,
1038 537 1152 580 quae
1182 524 1402 582 specimen
1432 523 1644 568 exhibent
1676 523 1940 569 luculentum
1971 527 2145 584 linguae
2175 527 2381 579 Latinae,
2414 530 2552 586 qualis

455 617 545 652 tum
575 609 803 663 fueri›t.**)

573 695 825 752 Sequuntur
845 695 970 752 apud
1003 694 1256 752 Dionysium
1288 696 1350 751 (c.
1381 695 1591 747 74—76)
1629 697 1827 739 instituta
1856 696 2031 754 publica
2060 698 2117 739 de
2147 713 2347 755 agrorum
2382 713 2551 757 posses-

455 783 602 833 sione,
644 797 755 839 quae
786 796 811 823 a
842 782 992 824 Numa
1033 782 1085 823 ad
1118 782 1311 824 Deorum
1342 781 1537 824 Termini
1568 787 1615 824 et
1646 781 1782 825 Fidei.
1813 781 1975 825 cultum
2010 781 2324 830 referebantur.
2384 784 2449 830 Ut
2477 800 2551 843 ap-

457 873 631 924 pareat,
664 882 792 925 quam
824 875 944 912 arcte
975 868 1123 911 horum
1157 868 1350 911 Deorum
1381 868 1521 911 cultus
1551 881 1650 910 cum
1680 868 1776 910 iure
1806 869 1975 925 privato
2005 867 2259 911 coniunctus
2289 868 2423 913 fuerit
2435 871 2552 926 ***)‚

458 953 713 1010 gravissima
750 952 956 1011 Dionysii·
997 954 1129 997 verba
1172 952 1435 1004 adscribam,
1487 968 1599 1008 quae
1641 952 1786 1009 plures
1835 953 1890 997 de
1938 960 2120 1009 utraque
2160 969 2207 996 re
2244 955 2381 998 fuisse
2418 958 2552 1014 legeS,

458 1044 665 1094 arguant:
717 1041 808 1092 Τῆς
833 1041 907 1095 μὲν
936 1039 1191 1096 αὸταρκείας,
1220 1040 1364 1095 inquit
1393 1054 1431 1080 c.
1462 1038 1535 1087 74,
1564 1039 1636 1080 καὶ
1662 1040 1737 1080 τοῦ
1764 1036 1920 1094 μηδένα
1948 1040 2029 1082 τῶν
2068 1038 2294 1097 ἀλλοτρίων
2331 1043 2556 1097 ἐπιθυμεῖν

456 1123 481 1179 ἡ
507 1124 603 1181 περὶ
623 1120 720 1174 τοὺς
737 1121 928 1182 ὁρισμοὺς
955 1126 1036 1166 τῶν
1054 1121 1232 1179 κτήσεων
1250 1127 1483 1179 νομοθεσία
1503 1118 1738 1177 [τεκμήριόν
1756 1121 2014 1179 ἕπῆ.****)
2058 1121 2243 1166 Praeter
2262 1123 2337 1167 has
2357 1124 2479 1181 leges
2502 1126 2556 1168 de

461 1208 620 1251 finibus
651 1223 850 1266 agrorum
888 1209 1092 1265 regundis
1123 1209 1225 1251 alias
1257 1209 1358 1252 tulit
1395 1209 1450 1251 de
1487 1206 1857 1264 stipulationibus,
1901 1223 2014 1265 quae
2052 1224 2078 1252 a
2115 1210 2269 1253 Servio
2299 1210 2451 1255 Tullio.
2484 1189 2559 1255 aut

463 1295 659 1338 sublatae
689 1302 765 1337 aut
794 1300 982 1337 mutatae
1010 1299 1124 1337 sunt.
1178 1294 1221 1340 Ὁ
1246 1293 1291 1338 δὲ
1314 1296 1498 1349 Νουμᾶς,
1519 1293 1677 1351 pergit,
1711 1297 1769 1345 εἰς
1790 1294 1864 1350 μὲν
1886 1292 2096 1340 εὖτέλειαν
2113 1299 2184 1340 καὶ
2202 1294 2468 1356 σωφροσύνην
2489 1295 2557 1341 διὰ

464 1377 662 1425 τοιούτων
690 1383 909 1437 συνέστησε
922 1377 1057 1436 νόμων
1076 1377 1153 1436 τὴν
1174 1376 1310 1433 πόλιν,
1334 1383 1393 1431 εἰς
1415 1379 1458 1423 δὲ
1482 1375 1557 1437 τὴν
1580 1380 1674 1436 περὶ
1701 1375 1752 1422 τὰ
1779 1376 2010 1438 συμβόλαια
2030 1378 2296 1439 δικαιοσύνην
2313 1380 2563 1439 ὑπηγάγετο,

465 1467 631 1524 πρᾶγμα
655 1462 827 1524 ἐξευρὼν
853 1465 1103 1523 ἠγνοημένον
1135 1462 1210 1508 ὑπὸ
1240 1461 1409 1509 πάντων
1437 1465 1517 1507 τῶν
1545 1467 1915 1521 καταστησαμένων
1951 1463 2026 1518 τὰς
2065 1466 2305 1525 ἐλλογίμους
2335 1465 2558 1517 πολιτείας.

469 1550 737 1593 Iudiciorum
767 1567 889 1593 usum
920 1552 1162 1630 simfflcem
1189 1551 1367 1606 reliquit
1408 1550 1682 1590 iurisiurandi
1723 1551 1953 1592 sanctitate
1977 1552 2185 1607 imprimis
2218 1551 2370 1593 fretus.
2430 1553 2496 1593 Αἵ
2518 1568 2562 1592 τε

470 1634 614 1691 ἀρχαί,
653 1637 794 1692 inquit
831 1651 868 1678 c.
900 1637 979 1684 75,
1032 1638 1101 1679 καὶ
1128 1632 1180 1678 τὰ
1210 1631 1457 1691 δικαστήρια
1488 1631 1537 1677 τὰ
1576 1634 1749 1693 πλεῖστοι
1780 1636 1860 1677 τῶν
1890 1632 2279 1694 ἀμφισβητημάτων
2302 1643 2389 1686 τοῖς
2415 1640 2458 1678 ὲκ
2491 1636 2563 1687 τῆς

468 1723 644 1769 πίστεως
671 1716 804 1778 ὅρκοις
826 1719 989 1784 διῄτων.
1052 1721 1253 1762 Fortasse
1284 1720 1387 1762 inde
1418 1726 1512 1761 orta
1542 1725 1609 1760 est
1639 1719 1748 1774 legis
1772 1721 1900 1770 actio,
1934 1699 2060 1775 quam
2091 1726 2359 1763 sacramento
2390 1725 2560 1761 vocant.

589 1805 664 1846 Ad
707 1807 806 1848 fidei
854 1808 1016 1848 cultum
1060 1808 1186 1848 etiam
1230 1806 1485 1847 referendae
1533 1812 1633 1846 sunt
1676 1806 1795 1861 leges
1848 1806 1903 1846 de
1948 1805 2143 1861 collegiis
2189 1805 2391 1862 opificum
2437 1804 2563 1851 latae,

472 1888 528 1930 de
569 1891 722 1945 quibus
759 1894 933 1935 disserit
965 1893 1221 1934 Plutarchus
1270 1897 1329 1946 (o.
1363 1892 1451 1944 17).
1530 1890 1690 1932 Eorum
1729 1905 1855 1932 unam
1893 1892 2006 1947 apud
2048 1890 2251 1933 Plautum
2288 1890 2437 1948 (Capt.
2471 1888 2565 1931 III.

473 1975 515 2016 1.
547 1975 622 2026 32)
651 1984 862 2019 servatam
894 1980 1100 2020 arbitror:

763 2063 930 2112 „Nunc
959 2063 1366 2116 barbarica*****)
1397 2063 1481 2119 Ieye
1511 2068 1671 2103 certum
1702 2068 1764 2103 est
1795 2062 1861 2103 ius
1893 2075 2021 2103 meum
2054 2039 2172 2104 omne
2196 2061 2399 2117 persequi
2409 2076 2422 2101 .-

767 2148 857 2202 Qui
885 2152 1110 2193 concilium
1141 2153 1286 2199 iniere,
1321 2166 1406 2207 quo
1438 2166 1510 2191 nos
1541 2150 1658 2190 victu
1689 2155 1729 2188 et
1758 2148 1851 2188 vita
1874 2146 2153 2202 prohibeant,

765 2235 854 2277 His
883 2237 991 2278 diem
1021 2239 1177 2284 dicam,
1210 2213 1416 2293 irroyabo
1448 2236 1696 2276 mulctam.“

479 2314 621 2366 Quam
652 2320 825 2374 quidem
857 2321 997 2378 legem
1031 2338 1179 2379 regum
1211 2324 1344 2365 aetati
1384 2322 1602 2363 vindicant
1642 2318 1869 2361 duodecim
1909 2317 2102 2367 tabulae,
2153 2331 2263 2373 quae
2300 2324 2400 2359 ante
2436 2324 2572 2359 semet

478 2405 595 2460 ipsas
627 2407 800 2462 publica
837 2407 935 2463 lege
972 2408 1027 2450 de
1059 2407 1179 2451 hisce
1208 2408 1403 2464 collegiis
1434 2407 1594 2463 aliquid
1629 2406 1908 2448 constitutum
1948 2404 2080 2445 fuisse
2113 2380 2573 2459 significant.******)

480 2488 655 2533 Numae
686 2507 786 2534 vero
818 2508 911 2535 eam
933 2494 1121 2536 adscribi
1154 2495 1272 2537 iubet
1303 2494 1488 2542 indoles,
1525 2508 1652 2549 quam
1676 2492 1912 2548 Dionysius
1944 2492 2036 2532 eius
2068 2491 2122 2532 de
2152 2505 2293 2532 rerum
2327 2490 2571 2532 venditione

477 2576 649 2632 legibus
679 2581 841 2622 tribuit.

602 2712 640 2756 ⁴⁹)
674 2710 756 2747 Liv.
786 2712 816 2746 Ι.
842 2715 900 2749 21.
952 2714 1009 2750 cf.
1037 2715 1138 2750 Fest.
1168 2725 1194 2750 S.
1224 2726 1258 2750 v.
1288 2712 1566 2759 Sexagenarios
1592 2724 1629 2759 p.
1655 2715 1740 2748 259.
1769 2712 1911 2756 Argeos
1938 2722 1973 2755 p.
2006 2713 2058 2745 14.
2085 2709 2210 2754 Argea
2235 2721 2271 2754 p.
2300 2712 2355 2744 17.

574 2788 633 2832 *Ἴ
674 2787 799 2824 Varro
830 2789 876 2824 de
912 2790 953 2826 L.
984 2791 1022 2826 L.
1058 2791 1106 2827 V.
1141 2794 1188 2826 45
1212 2802 1293 2838 sqq.
1363 2791 1480 2827 Cuius
1524 2788 1756 2826 monumenti
1800 2787 2030 2833 praeclaram
2075 2785 2180 2822 dedit
2228 2785 2572 2830 interpretationem

671 2851 714 2886 C.
736 2852 782 2888 O.
799 2851 951 2895 Miiller,
978 2855 1014 2889 in
1040 2855 1082 2890 C.
1100 2855 1144 2890 Α.
1163 2854 1345 2900 Bottigeri
1362 2853 1632 2898 Archaeologie
1647 2852 1833 2888 u.Kunst.
1862 2849 2097 2884 Bres1.182s.
2119 2848 2205 2884 Vol.
2218 2848 2248 2883 Ι.
2262 2848 2359 2884 St.1.
2373 2849 2573 2892 p.69—94.

555 2926 638 2969 ‘**)
672 2927 774 2964 Plut.
805 2929 920 2965 Num.
945 2942 977 2965 c.
1010 2933 1065 2966 16.
1118 2929 1196 2964 Liv.
1222 2931 1251 2966 1.
1280 2933 1339 2966 21.

530 3001 635 3047 mu)
673 3003 807 3040 Festus
832 3017 863 3041 s.
889 3018 923 3041 v.
951 3006 1125 3041 Termino
1149 3019 1185 3051 p.
1215 3010 1293 3042 157.
1832 3056 1836 3059 γ

506 3079 636 3123 ”***)
673 3078 715 3112 ld
743 3085 799 3115 est
827 3081 991 3116 Romana
1017 3082 1223 3118 secundum
1249 3083 1376 3118 Plauti
1404 3093 1513 3117 usum
1540 3080 1730 3126 loquendi.
1839 3058 1851 3081 i

486 3153 635 3199 ****¹'*)
670 3154 756 3199 Gaj.
784 3156 806 3191 l.
823 3158 891 3193 IV.
906 3159 954 3193 ad
969 3159 1066 3194 XII.
1081 3159 1186 3193 tabb.
1203 3159 1224 3193 Ι.
1240 3162 1274 3192 4.
1306 3160 1339 3192 D
1366 3160 1413 3193 de
1429 3159 1570 3202 Colleg.
1598 3162 1636 3191 et
1663 3168 1806 3201 corpor.
1821 3154 2097 3199 (XLvl1.22.)
2148 3150 2290 3185 Similis
2316 3149 2385 3183 fuit
2409 3150 2469 3184 lex
2484 3148 2581 3182 Iulia

679 3217 725 3254 de
737 3218 910 3256 Annona.
963 3220 1115 3267 Ulpian.
1130 3221 1153 3257 l.
1168 3220 1241 3256 lx.
1266 3219 1313 3256 dc
1341 3221 1444 3257 Offic.
1463 3233 1564 3265 proc.
1582 3220 1605 3255 Ι.
1620 3223 1655 3254 2.
1685 3220 1733 3255 D.
1762 3219 1821 3254 De
1848 3219 1929 3262 lege
1945 3215 2042 3251 Iulia
2063 3214 2110 3249 de
2128 3214 2223 3248 Ann.
2240 3212 2446 3257 (XLVIII.
2461 3213 2535 3252 12.)
