2940 3691
1218 312 1286 321 -.
1353 289 1419 333 23
1487 311 1556 321 ...-

344 429 399 471 de
430 426 777 484 Indigitamentis
808 423 864 465 ad
883 421 961 463 ius
993 418 1271 463 Pontificium
1300 421 1562 479 pertinuisse
1597 420 1785 476 ideoque
1827 421 2043 463 diversum
2081 422 2213 464 fuisse
2251 422 2306 464 ab
2343 420 2431 470 illo,

344 524 471 571 quem
501 513 555 555 de
583 513 679 554 iure
709 508 948 564 Papiriano
978 506 1165 563 scripsit.
1168 506 1215 560 ¹¹¹)

460 598 590 653 Quod
621 595 676 640 ad
707 592 897 650 singulas
927 590 1220 681 singulum
1224 604 1376 648 regum
1406 591 1528 648 leges
1553 592 1711 635 attinet
1729 591 1781 634 ad
1805 590 2039 635 Dirkseni1
2047 591 2208 654 ψει
2226 591 2433 634 iudicium

344 697 551 742 provoco·
589 680 627 722 si
659 678 763 735 quid
793 682 863 721 est
890 676 1064 720 maioris
1093 651 1324 727 momenti,
1358 675 1413 719 de
1442 690 1528 732 quo
1558 679 1612 721 ab
1643 691 1696 721 eo
1727 676 1998 728 dissentiam,
2031 676 2114 720 boc
2142 676 2295 733 paucis
2323 676 2432 718 indi·

343 769 466 816 cabo,
497 765 572 809 ubi
603 764 657 808 de
687 762 954 821 singulorum
984 773 1134 817 regum
1150 760 1487 804 commentariis
1525 754 1745 806 disseram.
1811 759 1935 815 Quos
1966 761 2214 818 priusquam
2245 760 2432 803 examini

342 852 588 902 subiiciam,
630 833 996 908 praemonendum
1027 846 1159 897 duxi,
1202 846 1434 889 discrimen
1465 846 1637 903 aliquod
1668 847 1863 891 obtinere
1892 847 1939 890 in
1968 845 2136 903 legibus
2166 847 2299 904 regiis
2330 847 2431 889 affe-

342 936 500 1036 w.
564 931 866 980 Iurisconsulti
897 932 1012 975 enim
1041 946 1260 989 nunquam
1290 932 1407 989 regis
1447 946 1599 975 nomen
1636 932 1819 984 addunt,
1864 931 1941 976 sed
1981 937 2057 975 aut
2091 931 2231 988 legem
2268 932 2431 989 regiam

341 1008 615 1082 ιιιίὶῆιιριιιιῐ,
644 1033 753 1061 -ιιοιι
794 1019 1039 1061 accuratius
1079 1017 1387 1076 significatam,
1441 1024 1516 1060 aut
1551 1019 1618 1060 ius
1655 1017 1959 1076 Papirianum,
2007 1017 2201 1059 historici
2244 1030 2342 1059 vero
2387 1022 2433 1058 et

342 1106 610 1166 grammatici
646 1106 900 1162 plerumque
937 1106 1045 1147 certi
1082 1105 1304 1148 cuiusdam
1342 1106 1457 1162 regis
1493 1119 1647 1148 nomen
1685 1104 1940 1161 adiungunt.
2009 1104 2121 1147 lude
2165 1103 2428 1159 collegerim,

341 1202 547 1249 utrosque
563 1191 747 1235 diversis
761 1191 1061 1263 monumentis-
1063 1204 1166 1269 usos
1182 1204 1300 1242 esse;
1320 1191 1647 1243 iureconsultus,
1664 1191 1739 1248 qui
1757 1204 1875 1233 usum
1891 1195 2153 1248 spectarent,
2170 1189 2428 1234 collectione

341 1295 367 1323 a
386 1279 565 1337 Papirio
594 1277 724 1329 facta,
757 1291 893 1334 quae
908 1275 950 1335 js·
1001 1281 1005 1283 ’
1072 1266 1255 1337 “ ιιιίιιιι
1285 1278 1515 1329 omisisset,
1548 1282 1732 1328 ceteros,
1765 1277 1836 1334 qui
1866 1291 2009 1318 rerum
2034 1276 2324 1333 cognitionem
2357 1289 2427 1316 cu-

340 1371 500 1417 rarent,
531 1366 721 1422 ipsorum
753 1357 1045 1447 regum'jogsj
1076 1414 1095 1435 (ἢ

457 1450 618 1505 Neque
648 1450 692 1491 id
724 1455 793 1492 est
823 1448 1145 1504 neglig-endum,
1185 1455 1360 1506 praeter
1388 1450 1507 1506 ipsas
1536 1449 1653 1504 leges
1684 1448 1794 1491 tradi
1824 1450 2046 1505 exempla,
2060 1432 2204 1504 quae
2238 1454 2314 1492 aut
2341 1448 2428 1503 legi

1100 1334 1267 1420 f'tariis,
1300 1364 1375 1420 qui
1404 1364 1519 1406 inter
1549 1363 1631 1405 alia
1660 1364 1789 1406 etiam
1820 1366 1885 1406 ius
1905 1366 2122 1422 ΡιΊνεηιιιῙι
2145 1364 2429 1406 ⁰⁰⁰t¹⁰⁹oent

339 1537 592 1579 condendae
623 1536 895 1577 occasionem
928 1534 1147 1587 dederint,
1189 1543 1264 1578 aut
1302 1538 1346 1577 in
1385 1537 1539 1593 quibus
1577 1535 1804 1592 puniendis
1842 1537 2025 1592 primum
2069 1537 2291 1576 exercitae
2328 1536 2428 1576 sint.

337 1624 387 1667 Si
418 1622 715 1680 exemplorum
746 1620 832 1663 vim
861 1620 905 1662 in
937 1619 1278 1677 iurisprudentia
1299 1619 1498 1663 Romana
1518 1597 1776 1677 spectamus,
1807 1620 1910 1662 illud
1943 1621 2060 1676 prius
2093 1621 2184 1662 veri
2216 1627 2281 1663 est
2311 1621 2424 1663 simi-

336 1710 440 1760 lius,
479 1709 588 1752 haec
614 1705 819 1763 exempla
848 1705 954 1763 ipsis
985 1704 1155 1762 legibus
1186 1722 1284 1751 esse
1314 1707 1571 1764 antiquiora,
1602 1707 1781 1764 ipsaque
1811 1707 2028 1757 effecisse,
2061 1712 2110 1749 ut
2128 1706 2246 1763 leges
2268 1707 2423 1750 conde-

334 1796 504 1844 rentur,
536 1794 629 1836 sive
661 1794 705 1835 in
735 1792 1054 1835 commentariis
1084 1807 1237 1849 regum
1266 1794 1537 1844 exstiterint,
1577 1794 1666 1836 sive
1697 1794 1742 1836 in
1773 1794 2029 1835 carminibus
2060 1794 2148 1835 sint
2178 1800 2423 1836 memorata.

336 1880 469 1923 Certo
508 1880 561 1922 ad
600 1873 807 1948 diversae
831 1856 1064 1921 egrundem
1113 1879 1258 1936 legum
1295 1880 1592 1929 recensiones,
1647 1894 1755 1935 quas
1794 1880 1928 1921 fnisse
1979 1879 2172 1921 historici
2220 1878 2425 1927 referunt,

335 1969 465 2009 etiam
509 1969 606 2025 ipsa
641 1959 919 2045 reliquiarum
962 1966 1213 2007 conditione
1251 1967 1462 2009 ducimur.
1529 1966 1602 2008 Ab
1640 1967 1788 2016 Anco,
1832 1974 2037 2023 quantum
2080 1983 2104 2008 e
2136 1967 2338 2023 Dionysii
2380 1973 2425 2007 et

335 2054 450 2096 Livii
491 2052 749 2095 testimoniis
788 2038 974 2108 agnosci
1019 2056 1186 2108 potest,
1246 2053 1447 2094 instituta
1491 2053 1678 2110 priorum
1729 2067 1877 2110 regum
1923 2054 2066 2094 omnia
2114 2060 2215 2094 sunt
2255 2057 2425 2094 retenta

334 2153 531 2196 novaque
562 2137 773 2195 quaedam
804 2136 965 2179 addita.
1025 2135 1179 2178 Tullus
1209 2151 1349 2194 pauca
1379 2139 1603 2190 adiunxit,
1644 2138 1821 2181 Servius
1852 2143 2016 2188 autem,
2052 2152 2148 2180 cum
2177 2143 2313 2181 totam
2343 2139 2424 2180 rei·

334 2224 536 2282 publicae
565 2209 916 2267 coffifitutionem
947 2228 1145 2273 novaret,
1187 2238 1260 2273 ea,
1295 2239 1406 2279 quae
1438 2240 1495 2267 ex
1526 2225 1739 2281 prioribus
1770 2224 1978 2266 servanda
2016 2226 2214 2280 putabat,
2249 2231 2418 2272 cuncta,

333 2312 548 2360 maxime,
621 2303 733 2365 quae
798 2308 852 2350 ad
921 2308 987 2349 ius
1046 2308 1261 2363 privatum
1323 2310 1609 2365 pertinerent,
1684 2310 1823 2353 denuo
1894 2312 2163 2353 recensuisse
2237 2311 2421 2354 videtur.

332 2398 375 2439 A
408 2397 587 2453 Papirio
626 2397 815 2452 denique
848 2396 918 2460 vius
949 2401 1113 2436 tantum
1142 2396 1361 2451 privatum
1390 2397 1589 2451 sacrique
1618 2397 1724 2437 iuris
1755 2404 1918 2454 partem
1955 2412 2051 2439 esse
2092 2398 2337 2451 conditam,
2381 2406 2423 2439 et

286 2500 289 2503 ·
331 2488 525 2524 veterum
554 2462 926 2542 scriptorum‘iodi
955 2482 1163 2539 produnt,
1211 2487 1257 2523 et
1291 2473 1502 2539 reliquiae
1532 2482 1756 2526 affirmant.
1825 2483 1982 2540 Itaque
2012 2490 2099 2526 tres
2130 2485 2419 2526 institutorum

332 2565 627 2609 Romanorum
657 2544 933 2610 recensiones
963 2566 1097 2609 fuisse
1120 2545 1393 2623 arbitramur,
1424 2565 1541 2611 Auci
1562 2568 1737 2621 Marcii,
1761 2568 1900 2613 Servii
1920 2569 2054 2613 Tullii
2080 2576 2212 2626 atque
2233 2569 2419 2627 Papirii;

332 2667 384 2695 an
414 2653 612 2696 instituta
642 2652 820 2710 publica
850 2651 1028 2695 Romuli
1058 2656 1103 2694 et
1132 2650 1307 2695 Numae
1337 2650 1544 2709 Pompilii
1577 2635 1863 2710 peculiaribus
1895 2654 2015 2697 libris
2055 2662 2225 2698 servata
2262 2654 2422 2697 suerint

330 2745 501 2796 praeter
531 2739 648 2790 illos,
693 2740 738 2781 in
775 2741 934 2795 quibus
963 2739 1187 2795 recognita
1221 2723 1386 2781 fuerint
1414 2754 1595 2781 necesse
1632 2747 1719 2791 est,
1762 2741 2028 2790 dubitamus;
2072 2756 2285 2783 sacrorum
2317 2757 2420 2784 vero

328 2823 447 2874 libri,
485 2837 570 2865 non
600 2824 754 2874 minus,
786 2823 861 2879 qui
882 2822 1072 2868 Romulo
1103 2830 1149 2868 et
1173 2823 1360 2874 Numae,
1402 2839 1529 2880 quam
1560 2826 1633 2881 qui
1665 2824 1793 2868 Tullo
1825 2825 2020 2869 Hostilio
2049 2826 2418 2876 adscribebantur,

327 2911 581 2965 superstites
611 2907 748 2970 οῲιιι.
810 2910 834 2931 '³
1064 2895 1071 2900 ⁸

397 3068 434 3113 *)
468 3068 656 3107 Zimmern
674 3070 749 3116 1.§.
760 3074 868 3116 27.p.
881 3073 940 3108 89.
964 3072 1067 3116 §.SL
1083 3084 1120 3119 p.
1131 3076 1217 3122 303.
1269 3073 1458 3127 Cf-AServ.
1474 3073 1522 3109 ad
1537 3073 1792 3120 Virg.Ge0rg.
1811 3075 1909 3109 1.21.
1950 3073 2097 3120 „Dique
2124 3074 2269 3120 deaeque
2292 3085 2415 3110 omnes,

465 3132 621 3168 studium
645 3133 768 3180 quibus
792 3146 876 3169 arva
902 3135 1032 3170 meri.“
1060 3154 1104 3161 —
1131 3136 1314 3179 „Nomina
1339 3136 1420 3171 haec
1443 3136 1627 3171 numinum
1660 3138 1699 3172 in
1726 3136 2012 3182 Indiyitamentis
2036 3136 2268 3174 inveniuntur,
2293 3134 2331 3168 id
2355 3141 2415 3169 est.

466 3195 501 3228 in
529 3192 629 3230 libris
654 3196 963 3244 Pontificalibusf‘

1283 3272 1455 3279 ———
