2940 3691
1308 301 1311 305 .
1389 342 1457 350 —
1521 320 1591 364 aa
1657 344 1725 350 ᾔ

507 431 755 509 pervenisse
785 446 1045 495 incolumes,
1084 444 1296 493 affirmare
1325 460 1410 491 non
1441 447 1592 494 ausim.
1654 447 1771 492 Anci
1817 430 1919 494 vero
1967 449 2333 509 recognitionem,>
2351 453 2440 506 (ita
2486 454 2601 501 enim

507 533 727 593 appellare
756 532 924 584 malim,
977 544 1105 589 qnam
1145 532 1464 585 recensionem,
1511 532 1614 590 quia
1650 531 1756 579 nibil
1797 532 1868 578 vel
1902 536 2181 607 paueffiesse.
2209 541 2374 582 mutata
2405 540 2600 592 censeo),

504 620 640 665 fuisse
682 619 983 687 superstitem.
1034 616 1328 663 demonstrare
1379 618 1578 663 studebo.
1654 616 1729 662 Ne
1768 617 1946 662 nimium
1974 620 2166 667 tribuere
2196 624 2343 668 videar
2371 623 2598 682 Dionysio,

504 709 595 763 qui,
628 724 726 751 cum
757 686 868 762 Pa‘p·
899 693 910 771 ι’
999 688 1026 758 ’ᾗ
1094 719 1216 747 usum
1248 720 1344 748 esse
1374 705 1536 748 referat
1561 705 1678 760 (ΙΙΙ.
1707 705 1806 757 86),
1844 711 2026 762 unaque
2054 717 2333 754 monumenta
2358 712 2601 767 inspexerit

504 803 550 836 et
579 795 693 836 inter
722 808 769 834 se
788 772 920 834 contu
937 773 1036 843 erit,
1066 796 1255 845 oportet:
1286 792 1493 835 nonnulla
1521 793 1645 834 nobis
1677 808 1850 847 quoque
1878 800 1983 835 nota
2010 800 2111 836 sunt
2138 794 2356 838 eNumae
2373 799 2595 844 institutis,

507 895 619 937 quae
649 881 691 920 in
725 879 869 920 Servii
901 840 1075 933 quifein
1107 878 1359 919 recensione
1398 893 1483 920 non
1513 879 1927 935 fuissesspotuerunt,
1967 881 2124 923 nedum
2153 882 2198 922 in
2228 882 2322 923 inre
2346 881 2596 939 Papiriano.

505 966 633 1017 Quae
663 966 781 1005 enim
812 977 839 1004 a
864 963 1103 1018 Tarquinio
1122 962 1278 1004 Prisco
1307 965 1352 1005 in
1383 950 1574 1005 moffbus
1605 969 1650 1005 et
1677 964 1887 1005 institutis
1909 963 2204 1009 Romanorum
2232 967 2401 1009 sublata
2428 969 2596 1023 sunt*)‚

501 1049 718 1107 siqnidem
754 1053 906 1107 postea
941 1061 1026 1090 non
1063 1061 1210 1090 rursus
1240 1054 1474 1106 apparent,
1525 1054 1575 1092 ut
1611 1063 1637 1091 a
1666 1047 1822 1121 Serviq
2021 1056 2171 1104 entur,
2202 1051 2295 1096 fieri
2324 1065 2409 1096 nou
2439 1055 2596 1109 potnit.

505 1138 621 1181 Sunt
652 1152 753 1181 vero
781 1136 867 1187 illa,
901 1150 1013 1192 quae
1044 1133 1231 1178 Romani
1263 1149 1289 1178 a
1320 1135 1571 1194 Pythagora
1600 1128 1831 1197 repeteres
1960 1189 1968 1195 ..
2005 1136 2129 1190 t**):
2178 1140 2360 1196 mystica
2388 1141 2596 1197 quaedam

507 1231 553 1267 et
583 1223 813 1280 magnifica
851 1222 1108 1278 religionum
1147 1224 1278 1271 ratio,
1326 1223 1485 1266 Musae
1513 1223 1698 1266 Tacitae
1727 1201 1809 1265 cus
1872 1215 2064 1278 '2¹’sleges
2101 1224 2311 1281 denique,
2357 1241 2433 1288 ne·
2446 1226 2599 1269 liceret

506 1311 698 1353 Deorum
730 1308 959 1350 simulacra
987 1307 1259 1360 facere***)‚
1292 1310 1384 1351 sive
1415 1309 1629 1351 bominum
1661 1309 1754 1350 sive
1782 1307 2027 1365 animalium
2056 1309 2216 1353 formas
2235 1311 2456 1364 haberent,
2488 1328 2598 1357 neve

504 1410 626 1438 sacra
655 1395 811 1437 fierent
829 1395 927 1437 Diis
960 1400 1153 1437 cruenta.
1202 1395 1520 1452 Pythagoricae
1550 1396 1774 1438 doctrinae
1803 1395 1847 1436 in
1877 1395 1930 1436 iis
1961 1396 2091 1438 etiam
2120 1395 2240 1438 libris
2268 1395 2596 1443 Pontificalibus

506 1481 689 1537 vestigia
719 1478 1113 1531 exstabant****),
1146 1494 1252 1536 quos
1284 1485 1437 1537 postea
1465 1479 1636 1523 refictos
1667 1479 1932 1523 docebimus.

618 1566 691 1609 Ab
732 1566 816 1609 illis
856 1565 1016 1607 diserte
1048 1564 1249 1608 distinxit
1283 1565 1522 1623 Dionysius
1552 1565 1637 1618 (Il.
1668 1565 1861 1617 64—73)
1897 1571 1996 1609 octo
2026 1567 2225 1609 instituta
2262 1582 2386 1610 sacra
2414 1568 2595 1624 singulis

503 1653 622 1693 libris
654 1652 877 1708 exposita,
922 1665 1033 1706 quae
1063 1656 1121 1704 (c.
1153 1650 1227 1702 63)
1269 1650 1391 1691 hisce
1434 1652 1574 1692 verbis
1617 1629 1907 1707 amplectitur:
1969 1647 2215 1709 Περιλαβὼν
2253 1651 2297 1695 δὲ
2324 1647 2493 1696 ἅπασαν
2520 1651 2597 1707 τὴν

502 1741 596 1794 περὶ
635 1734 685 1780 τὰ
727 1740 828 1780 θεῖα
868 1739 1125 1792 νομοθεσίαν
1155 1744 1357 1794 γραφαῖς,
1397 1735 1547 1779 διεῖλεν
1576 1739 1634 1786 εἶς
1669 1731 1774 1778 ὀκτὼ
1803 1739 1967 1794 μοίρας,
2006 1729 2103 1779 ὅσαι
2140 1736 2221 1778 τῶν
2261 1737 2378 1794 ἱερῶν
2408 1728 2517 1793 ἦσαν
2552 1741 2597 1781 αἱ

506 1826 740 1879 συμμορίαι.
801 1820 1084 1864 Sacerdotum
1118 1822 1228 1864 enim
1263 1821 1450 1878 collegia
1480 1835 1505 1863 a
1535 1819 1683 1864 Numa
1713 1826 1788 1863 aut
1815 1821 1998 1878 primum
2026 1820 2225 1863 instituta
2246 1826 2321 1863 aut
2342 1827 2470 1863 aucta
2497 1836 2597 1864 suos

505 1907 707 1962 quodque
764 1907 980 1949 habebant
1024 1908 1180 1957 libros,
1240 1909 1313 1965 qui
1367 1906 1556 1949 Numam
1612 1907 1814 1949 habuisse
1862 1911 2079 1949 auctorem
2129 1903 2429 1948 credebantur.
2441 1905 2599 1958 *****)

506 1993 799 2048 „Pontificem
836 1993 1008 2042 deinde,
1060 1995 1202 2050 inquit
1230 1993 1384 2035 Livius
1419 1992 1478 2044 (I.
1509 1992 1608 2045 20),
1656 1993 1842 2040 Numam
1872 1991 2139 2050 Marcium„
2160 1990 2312 2032 Marci
2334 1990 2502 2045 filium,
2546 2007 2596 2033 ex

508 2078 724 2120 Patribus
755 2078 878 2136 leyit,
912 2080 1033 2135 eique
1059 2094 1190 2122 sacra
1219 2080 1364 2120 omnia
1393 2078 1611 2134 exscripta
1641 2078 1951 2135 exsiynataque
1979 2075 2208 2126 attribuit3
2244 2074 2398 2132 quibus
2426 2075 2593 2124 hostiis,

504 2163 658 2220 quibus
696 2162 863 2211 diebus,
913 2163 975 2204 ad
1001 2178 1112 2219 quae
1145 2163 1302 2218 templa
1332 2178 1461 2205 sacra
1486 2165 1671 2219 fierent,
1695 2150 1847 2219 'atque
1886 2162 1998 2205 unde
2032 2162 2079 2203 in
2115 2176 2183 2203 eos
2217 2166 2380 2218 sumtus
2406 2162 2596 2217 pecunia

503 2255 774 2307 eroqaretur.
843 2248 998 2290 Cetera
1029 2263 1196 2306 quoque
1225 2249 1369 2291 omnia
1392 2249 1569 2305 publica
1603 2249 1873 2306 privataque
1907 2263 2038 2292 sacra
2069 2239 2305 2302 Pontificis
2342 2246 2464 2288 scitis
2499 2244 2593 2286 sub-

623 2383 659 2424 *)
693 2381 848 2432 Cicffide
877 2381 972 2427 Rep.
1002 2381 1054 2416 11.
1087 2384 1131 2416 19
1156 2392 1233 2428 sqq.
1286 2381 1334 2416 K.
1363 2381 1409 2415 Ο.
1438 2380 1577 2416 Miiller
1603 2381 1786 2416 Etrusker
1811 2381 1843 2417 1.
1868 2391 1906 2428 p.
1935 2382 2005 2416 118
2029 2384 2067 2415 et
2088 2381 2160 2415 363
2185 2389 2266 2425 sqq.

597 2456 656 2499 *ἢ
692 2456 772 2492 Cic.
807 2456 855 2491 de
883 2456 979 2502 Rep.
1015 2457 1069 2493 ΙΙ.
1102 2459 1156 2492 15.
1215 2456 1346 2493 Livius
1385 2457 1415 2493 1.
1454 2460 1510 2493 18.
1563 2456 1722 2502 Βὶοομ.
1751 2456 1805 2492 11.
1840 2458 1901 2493 59.
1960 2455 2064 2491 Plut.
2092 2454 2206 2490 Num.
2233 2456 2267 2490 8.
2297 2457 2352 2489 13.
2381 2456 2436 2488 14.
2496 2452 2593 2488 Plin.

695 2531 744 2565 Η.
774 2531 822 2566 N.
850 2532 1008 2569 XVIII.
1035 2535 1071 2568 2.

572 2609 658 2654 *⁸·)
692 2606 796 2642 Haec
822 2607 884 2643 lex
909 2607 1066 2644 maximi
1093 2611 1152 2644 est
1176 2607 1373 2644 momenti:
1399 2618 1474 2645 uno
1499 2606 1597 2644 enim
1624 2617 1688 2643 ore
1705 2607 1907 2654 scriptores
1919 2604 2168 2649 tradiderunt,
2193 2603 2433 2650 aTarquinio
2444 2603 2595 2639 demum

697 2681 828 2718 Prisco
874 2683 994 2729 prima
1022 2683 1188 2720 Deorum
1223 2683 1425 2720 simulacra
1453 2682 1612 2720 Romam
1647 2693 1731 2719 esse
1764 2681 1992 2719 introducta.
2056 2680 2213 2717 Praeter
2247 2678 2491 2716 Plutarchum
2524 2678 2595 2714 hor·

693 2758 834 2794 sactum
860 2760 1039 2796 exhibent
1065 2761 1188 2796 Varro
1215 2760 1317 2806 apud
1345 2761 1503 2805 August.
1530 2760 1577 2795 de
1604 2759 1686 2796 Civ.
1715 2758 1788 2795 Dei
1815 2757 1885 2793 lv.
1911 2760 1971 2793 31.
2022 2756 2118 2793 Plin.
2137 2757 2188 2793 H.
2205 2756 2253 2793 N.
2281 2755 2460 2792 XXXV.
2485 2757 2520 2791 5.
2547 2757 2594 2789 44

689 2841 727 2871 et
752 2839 814 2877 45,
841 2841 952 2882 atque
978 2837 1149 2873 Macrob.
1178 2837 1329 2872 Saturn.
1358 2836 1431 2872 111.
1459 2839 1494 2871 4.

553 2914 656 2958 ****)
689 2913 796 2948 Serv.
825 2913 886 2948 ad.
918 2912 1024 2958 Virg.
1052 2915 1131 2949 Ecl.
1158 2913 1206 2948 V.
1232 2917 1292 2949 66.
1345 2914 1530 2955 „Numero
1554 2913 1637 2946 deus
1660 2913 1795 2958 impare
1816 2910 1983 2955 qaudet.“
2018 2930 2067 2936 —
2102 2909 2236 2952 „Quod
2257 2909 2362 2944 etiam
2380 2905 2597 2953 pontificales

692 2989 850 3023 indicam
882 2987 1006 3023 mmf‘

525 3064 654 3107 *****)
687 3063 823 3098 Festus
848 3064 894 3107 (s.
936 3076 971 3099 v.
1001 3065 1180 3107 Nectere)
1213 3066 1318 3100 affert
1344 3064 1632 3100 commentarios
1658 3073 1766 3098 sacro
1792 3108 1800 3113 ·
1828 3055 1881 3118 ⁴¹3,
1911 3063 2043 3097 eodem
2070 3066 2223 3095 auctore
2247 3061 2295 3102 (s.
2321 3069 2357 3093 v,
2384 3054 2595 3093 Molucrum

695 3148 732 3181 p.
764 3140 846 3182 168)
869 3139 1039 3176 Cloatius
1066 3140 1192 3175 Verus
1218 3150 1407 3176 sacrorum
1435 3142 1549 3176 libros
1576 3138 1736 3183 scripsit,
1763 3139 1796 3174 si
1864 3138 1873 3147 '
1899 3137 2099 3173 Trebatius
2124 3136 2172 3170 de
2205 3134 2467 3178 religionibus,
2501 3137 2596 3168 teste

693 3212 891 3248 Macrobio
917 3215 997 3250 Sat.
1025 3215 1077 3250 ΙΙ.
1106 3227 1138 3249 c.
1166 3217 1190 3248 5
1214 3218 1252 3248 et
1276 3217 1310 3248 7.
