<?xml version="1.0" encoding="UTF-8"?>
<!DOCTYPE html PUBLIC "-//W3C//DTD XHTML 1.0 Transitional//EN"
    "http://www.w3.org/TR/xhtml1/DTD/xhtml1-transitional.dtd">
<html xmlns="http://www.w3.org/1999/xhtml" xml:lang="en" lang="en">
 <head>
  <title>
</title>
<meta http-equiv="Content-Type" content="text/html;charset=utf-8" />
  <meta name='ocr-system' content='tesseract 3.04.00' />
  <meta name='ocr-capabilities' content='ocr_page ocr_carea ocr_par ocr_line ocrx_word'/>
</head>
<body>
  <div class='ocr_page' id='page_1' title='image "4777054_0027.png"; bbox 0 0 2940 3691; ppageno 0'>
   <div class='ocr_carea' id='block_1_1' title="bbox 1220 279 1557 324">
    <p class='ocr_par' dir='ltr' id='par_1_1' title="bbox 1220 279 1557 324">
     <span class='ocr_line' id='line_1_1' title="bbox 1220 279 1557 324; baseline 0 -15"><span class='ocrx_word' id='word_1_1' title='bbox 1220 279 1557 324; x_wconf 72' lang='lat'>—17—</span> 
     </span>
    </p>
   </div>
   <div class='ocr_carea' id='block_1_2' title="bbox 348 405 2438 592">
    <p class='ocr_par' dir='ltr' id='par_1_2' title="bbox 348 405 2438 554">
     <span class='ocr_line' id='line_1_2' title="bbox 348 405 2437 469; baseline 0 -19"><span class='ocrx_word' id='word_1_2' title='bbox 348 425 403 454; x_wconf 72' lang='lat' dir='ltr'><strong><em>an</em></strong></span> <span class='ocrx_word' id='word_1_3' title='bbox 435 408 662 463; x_wconf 70' lang='lat' dir='ltr'><strong><em>Manius3)</em></strong></span> <span class='ocrx_word' id='word_1_4' title='bbox 691 411 868 469; x_wconf 67' lang='lat' dir='ltr'><strong><em>qnidam</em></strong></span> <span class='ocrx_word' id='word_1_5' title='bbox 893 406 1101 465; x_wconf 71' lang='lat' dir='ltr'><strong><em>Papirius</em></strong></span> <span class='ocrx_word' id='word_1_6' title='bbox 1130 405 1341 451; x_wconf 79' lang='lat' dir='ltr'>Pontifex</span> <span class='ocrx_word' id='word_1_7' title='bbox 1372 407 1597 451; x_wconf 77' lang='lat' dir='ltr'>Maximus</span> <span class='ocrx_word' id='word_1_8' title='bbox 1628 412 1757 450; x_wconf 88' lang='lat' dir='ltr'><strong><em>esset.</em></strong></span> <span class='ocrx_word' id='word_1_9' title='bbox 1772 407 1818 460; x_wconf 73' lang='grc'><strong><em>1“““)</em></strong></span> <span class='ocrx_word' id='word_1_10' title='bbox 1876 408 2019 452; x_wconf 85' lang='lat' dir='ltr'><strong><em>Manii</em></strong></span> <span class='ocrx_word' id='word_1_11' title='bbox 2050 423 2308 466; x_wconf 83' lang='lat' dir='ltr'>praenomen</span> <span class='ocrx_word' id='word_1_12' title='bbox 2340 424 2437 466; x_wconf 89' lang='lat' dir='ltr'><strong><em>pro-</em></strong></span> 
     </span>
     <span class='ocr_line' id='line_1_3' title="bbox 350 491 2438 592; baseline -0.001 -52"><span class='ocrx_word' id='word_1_13' title='bbox 350 498 470 541; x_wconf 79' lang='lat' dir='ltr'><strong><em>xima</em></strong></span> <span class='ocrx_word' id='word_1_14' title='bbox 497 504 641 543; x_wconf 80' lang='lat' dir='ltr'><strong><em>aetate</em></strong></span> <span class='ocrx_word' id='word_1_15' title='bbox 670 493 889 554; x_wconf 41' lang='lat' dir='ltr'><strong><em>nubtis</em></strong></span> <span class='ocrx_word' id='word_1_16' title='bbox 907 491 1131 592; x_wconf 64' lang='lat' dir='ltr'><strong><em>Papiriee</em></strong></span> <span class='ocrx_word' id='word_1_17' title='bbox 1140 494 1305 540; x_wconf 74' lang='lat' dir='ltr'><strong><em>familia</em></strong></span> <span class='ocrx_word' id='word_1_18' title='bbox 1324 495 1579 540; x_wconf 78' lang='lat' dir='ltr'><strong>Crassorum</strong></span> <span class='ocrx_word' id='word_1_19' title='bbox 1605 494 1744 553; x_wconf 75' lang='lat' dir='ltr'><strong><em>fuisse</em></strong></span> <span class='ocrx_word' id='word_1_20' title='bbox 1774 499 2039 553; x_wconf 88' lang='lat' dir='ltr'><strong><em>usurpatum,</em></strong></span> <span class='ocrx_word' id='word_1_21' title='bbox 2071 494 2170 538; x_wconf 84' lang='lat' dir='ltr'><strong><em>fasti</em></strong></span> <span class='ocrx_word' id='word_1_22' title='bbox 2190 495 2438 539; x_wconf 86' lang='lat' dir='ltr'><strong><em>consulares</em></strong></span> 
     </span>
    </p>
   </div>
   <div class='ocr_carea' id='block_1_3' title="bbox 347 571 1907 662">
    <p class='ocr_par' dir='ltr' id='par_1_3' title="bbox 347 571 1907 662">
     <span class='ocr_line' id='line_1_4' title="bbox 347 571 1907 662; baseline 0 3029"><span class='ocrx_word' id='word_1_23' title='bbox 347 571 1907 662; x_wconf 95' lang='lat' dir='ltr'><strong><em> </em></strong></span> 
     </span>
    </p>
   </div>
   <div class='ocr_carea' id='block_1_4' title="bbox 347 621 2436 899">
    <p class='ocr_par' dir='ltr' id='par_1_4' title="bbox 347 621 2436 899">
     <span class='ocr_line' id='line_1_5' title="bbox 467 621 2435 726; baseline 0.001 -16"><span class='ocrx_word' id='word_1_24' title='bbox 467 671 636 726; x_wconf 73' lang='lat' dir='ltr'><strong><em>Legum</em></strong></span> <span class='ocrx_word' id='word_1_25' title='bbox 676 667 892 723; x_wconf 82' lang='lat' dir='ltr'><strong><em>reg-iarum</em></strong></span> <span class='ocrx_word' id='word_1_26' title='bbox 941 654 1181 710; x_wconf 71' lang='lat' dir='ltr'><strong><em>historiam</em></strong></span> <span class='ocrx_word' id='word_1_27' title='bbox 1194 621 1471 725; x_wconf 84' lang='lat' dir='ltr'>Pomponius</span> <span class='ocrx_word' id='word_1_28' title='bbox 1506 669 1563 723; x_wconf 92' lang='lat' dir='ltr'><strong><em>(l.</em></strong></span> <span class='ocrx_word' id='word_1_29' title='bbox 1600 669 1653 713; x_wconf 99' lang='lat' dir='ltr'>L</span> <span class='ocrx_word' id='word_1_30' title='bbox 1670 668 1709 725; x_wconf 80' lang='lat'>§.</span> <span class='ocrx_word' id='word_1_31' title='bbox 1746 669 1798 722; x_wconf 87' lang='lat'><strong><em>3)</em></strong></span> <span class='ocrx_word' id='word_1_32' title='bbox 1843 667 1909 711; x_wconf 88' lang='lat' dir='ltr'><strong><em>his</em></strong></span> <span class='ocrx_word' id='word_1_33' title='bbox 1952 668 2096 711; x_wconf 86' lang='lat' dir='ltr'><strong><em>verbis</em></strong></span> <span class='ocrx_word' id='word_1_34' title='bbox 2142 669 2435 725; x_wconf 80' lang='lat' dir='ltr'>persequitur:</span> 
     </span>
     <span class='ocr_line' id='line_1_6' title="bbox 350 744 2436 813; baseline -0.001 -14.965"><span class='ocrx_word' id='word_1_35' title='bbox 350 754 571 806; x_wconf 66' lang='lat' dir='ltr'><strong><em>„Exactis</em></strong></span> <span class='ocrx_word' id='word_1_36' title='bbox 607 752 757 794; x_wconf 75' lang='lat' dir='ltr'><strong><em>deinde</em></strong></span> <span class='ocrx_word' id='word_1_37' title='bbox 792 753 963 810; x_wconf 74' lang='lat' dir='ltr'><strong><em>roqibus</em></strong></span> <span class='ocrx_word' id='word_1_38' title='bbox 998 754 1111 811; x_wconf 69' lang='lat' dir='ltr'><strong><em>layo</em></strong></span> <span class='ocrx_word' id='word_1_39' title='bbox 1127 755 1381 797; x_wconf 69' lang='lat' dir='ltr'><strong><em>Tribunicia</em></strong></span> <span class='ocrx_word' id='word_1_40' title='bbox 1415 770 1555 797; x_wconf 78' lang='lat' dir='ltr'><strong><em>onmes</em></strong></span> <span class='ocrx_word' id='word_1_41' title='bbox 1588 744 1700 813; x_wconf 71' lang='lat' dir='ltr'><strong><em>leyen</em></strong></span> <span class='ocrx_word' id='word_1_42' title='bbox 1740 756 1817 797; x_wconf 75' lang='lat' dir='ltr'><strong><em>kae</em></strong></span> <span class='ocrx_word' id='word_1_43' title='bbox 1856 755 2153 797; x_wconf 78' lang='lat' dir='ltr'><strong><em>exoleverunt:</em></strong></span> <span class='ocrx_word' id='word_1_44' title='bbox 2202 755 2436 811; x_wconf 79' lang='lat' dir='ltr'><strong><em>iterumque</em></strong></span> 
     </span>
     <span class='ocr_line' id='line_1_7' title="bbox 347 827 2434 899; baseline 0 -19"><span class='ocrx_word' id='word_1_45' title='bbox 347 839 488 895; x_wconf 77' lang='lat' dir='ltr'><strong><em>coepit</em></strong></span> <span class='ocrx_word' id='word_1_46' title='bbox 516 838 706 896; x_wconf 70' lang='lat' dir='ltr'><strong><em>populus</em></strong></span> <span class='ocrx_word' id='word_1_47' title='bbox 736 827 959 881; x_wconf 69' lang='lat' dir='ltr'><strong><em>Romam</em></strong></span> <span class='ocrx_word' id='word_1_48' title='bbox 987 840 1150 883; x_wconf 79' lang='lat' dir='ltr'><strong><em>incerto</em></strong></span> <span class='ocrx_word' id='word_1_49' title='bbox 1185 841 1323 899; x_wconf 74' lang='lat' dir='ltr'><strong><em>maqis</em></strong></span> <span class='ocrx_word' id='word_1_50' title='bbox 1353 841 1448 883; x_wconf 76' lang='lat' dir='ltr'><strong><em>iure</em></strong></span> <span class='ocrx_word' id='word_1_51' title='bbox 1482 848 1523 882; x_wconf 77' lang='lat' dir='ltr'><strong><em>et</em></strong></span> <span class='ocrx_word' id='word_1_52' title='bbox 1558 842 1874 883; x_wconf 71' lang='lat' dir='ltr'><strong><em>consuetudine</em></strong></span> <span class='ocrx_word' id='word_1_53' title='bbox 1884 840 1978 891; x_wconf 73' lang='lat' dir='ltr'><strong><em>ali,</em></strong></span> <span class='ocrx_word' id='word_1_54' title='bbox 2018 854 2146 896; x_wconf 72' lang='lat' dir='ltr'><strong><em>quam</em></strong></span> <span class='ocrx_word' id='word_1_55' title='bbox 2178 855 2264 896; x_wconf 83' lang='lat' dir='ltr'><strong><em>per</em></strong></span> <span class='ocrx_word' id='word_1_56' title='bbox 2298 840 2434 881; x_wconf 81' lang='lat' dir='ltr'><strong><em>latam</em></strong></span> 
     </span>
    </p>
   </div>
   <div class='ocr_carea' id='block_1_5' title="bbox 348 918 2438 1000">
    <p class='ocr_par' dir='ltr' id='par_1_5' title="bbox 348 918 2438 1000">
     <span class='ocr_line' id='line_1_8' title="bbox 348 918 2438 1000; baseline 0.002 -34"><span class='ocrx_word' id='word_1_57' title='bbox 348 923 498 982; x_wconf 77' lang='lat' dir='ltr'><strong><em>leqem</em></strong></span> <span class='ocrx_word' id='word_1_58' title='bbox 522 937 669 995; x_wconf 17' lang='grc' dir='ltr'><strong><em>ξιθιιισ</em></strong></span> <span class='ocrx_word' id='word_1_59' title='bbox 700 918 1032 983; x_wconf 67' lang='lat' dir='ltr'><strong><em>propeviqinti</em></strong></span> <span class='ocrx_word' id='word_1_60' title='bbox 1059 926 1188 970; x_wconf 78' lang='lat' dir='ltr'><strong><em>annis</em></strong></span> <span class='ocrx_word' id='word_1_61' title='bbox 1208 940 1371 985; x_wconf 72' lang='lat' dir='ltr'><strong><em>passus</em></strong></span> <span class='ocrx_word' id='word_1_62' title='bbox 1399 933 1511 970; x_wconf 82' lang='lat' dir='ltr'><strong><em>est.“</em></strong></span> <span class='ocrx_word' id='word_1_63' title='bbox 1573 924 1800 979; x_wconf 82' lang='lat' dir='ltr'>Quomodo</span> <span class='ocrx_word' id='word_1_64' title='bbox 1831 927 1940 970; x_wconf 79' lang='lat' dir='ltr'><strong><em>haec</em></strong></span> <span class='ocrx_word' id='word_1_65' title='bbox 1969 926 2102 968; x_wconf 85' lang='lat' dir='ltr'><strong><em>verba</em></strong></span> <span class='ocrx_word' id='word_1_66' title='bbox 2131 926 2438 984; x_wconf 83' lang='lat' dir='ltr'><strong><em>distinguenda</em></strong></span> 
     </span>
    </p>
   </div>
   <div class='ocr_carea' id='block_1_6' title="bbox 440 923 677 1167">
    <p class='ocr_par' dir='ltr' id='par_1_6' title="bbox 440 923 677 1167">
     <span class='ocr_line' id='line_1_9' title="bbox 440 923 677 1064; baseline 0.004 -53"><span class='ocrx_word' id='word_1_67' title='bbox 440 923 677 1064; x_wconf 95' lang='lat' dir='ltr'><strong><em>   </em></strong></span> 
     </span>
     <span class='ocr_line' id='line_1_10' title="bbox 440 1064 639 1167; baseline 0 2524"><span class='ocrx_word' id='word_1_68' title='bbox 440 1064 639 1167; x_wconf 95' lang='lat' dir='ltr'><strong><em> </em></strong></span> 
     </span>
    </p>
   </div>
   <div class='ocr_carea' id='block_1_7' title="bbox 458 995 2436 1155">
    <p class='ocr_par' dir='ltr' id='par_1_7' title="bbox 452 995 2436 1155">
     <span class='ocr_line' id='line_1_11' title="bbox 461 995 2436 1084; baseline 0.003 -33.973"><span class='ocrx_word' id='word_1_69' title='bbox 461 1073 463 1076; x_wconf 18' lang='grc' dir='ltr'><strong><em>ι</em></strong></span> <span class='ocrx_word' id='word_1_70' title='bbox 557 995 707 1061; x_wconf 21' lang='lat' dir='ltr'><strong><em>¹&#39;isa</em></strong></span> <span class='ocrx_word' id='word_1_71' title='bbox 736 1011 843 1062; x_wconf 88' lang='lat' dir='ltr'><strong><em>sint,</em></strong></span> <span class='ocrx_word' id='word_1_72' title='bbox 874 1013 1063 1055; x_wconf 84' lang='lat' dir='ltr'><strong>maxime</strong></span> <span class='ocrx_word' id='word_1_73' title='bbox 1093 1018 1292 1084; x_wconf 50' lang='lat' dir='ltr'><strong><em>certant</em></strong></span> <span class='ocrx_word' id='word_1_74' title='bbox 1290 1011 1586 1057; x_wconf 73' lang='lat' dir='ltr'><strong><em>iureconsulti.</em></strong></span> <span class='ocrx_word' id='word_1_75' title='bbox 1644 1012 1759 1055; x_wconf 81' lang='lat' dir='ltr'><strong><em>Sunt</em></strong></span> <span class='ocrx_word' id='word_1_76' title='bbox 1788 1013 1860 1068; x_wconf 91' lang='lat' dir='ltr'><strong><em>qui</em></strong></span> <span class='ocrx_word' id='word_1_77' title='bbox 1896 1017 1999 1069; x_wconf 87' lang='lat' dir='ltr'><strong><em>post</em></strong></span> <span class='ocrx_word' id='word_1_78' title='bbox 2027 1026 2176 1053; x_wconf 90' lang='lat' dir='ltr'><strong><em>vocem</em></strong></span> <span class='ocrx_word' id='word_1_79' title='bbox 2206 1013 2436 1056; x_wconf 79' lang='lat' dir='ltr'><strong><em>tribunitia</em></strong></span> 
     </span>
     <span class='ocr_line' id='line_1_12' title="bbox 458 1080 2433 1155; baseline 0.001 -17"><span class='ocrx_word' id='word_1_80' title='bbox 458 1080 741 1145; x_wconf 45' lang='lat' dir='ltr'><strong><em>,T&#39;i&#39;jftspdum</em></strong></span> <span class='ocrx_word' id='word_1_81' title='bbox 779 1104 1007 1151; x_wconf 83' lang='lat' dir='ltr'><strong><em>censeant,</em></strong></span> <span class='ocrx_word' id='word_1_82' title='bbox 1051 1103 1100 1141; x_wconf 89' lang='lat' dir='ltr'><strong><em>ut</em></strong></span> <span class='ocrx_word' id='word_1_83' title='bbox 1133 1097 1191 1141; x_wconf 89' lang='lat' dir='ltr'><strong><em>de</em></strong></span> <span class='ocrx_word' id='word_1_84' title='bbox 1229 1096 1329 1155; x_wconf 87' lang='lat' dir='ltr'><strong><em>lege</em></strong></span> <span class='ocrx_word' id='word_1_85' title='bbox 1369 1097 1605 1154; x_wconf 73' lang='lat' dir='ltr'>cogitetur,</span> <span class='ocrx_word' id='word_1_86' title='bbox 1642 1111 1730 1155; x_wconf 77' lang='lat' dir='ltr'><strong><em>qua</em></strong></span> <span class='ocrx_word' id='word_1_87' title='bbox 1760 1097 1943 1149; x_wconf 87' lang='lat' dir='ltr'><strong><em>Brutus,</em></strong></span> <span class='ocrx_word' id='word_1_88' title='bbox 1991 1098 2187 1140; x_wconf 84' lang='lat' dir='ltr'><strong><em>tn‘bunus</em></strong></span> <span class='ocrx_word' id='word_1_89' title='bbox 2219 1096 2433 1148; x_wconf 86' lang='lat' dir='ltr'><strong><em>Celerum,</em></strong></span> 
     </span>
    </p>
   </div>
   <div class='ocr_carea' id='block_1_8' title="bbox 347 1181 2433 1259">
    <p class='ocr_par' dir='ltr' id='par_1_8' title="bbox 347 1181 2433 1259">
     <span class='ocr_line' id='line_1_13' title="bbox 347 1181 2433 1259; baseline 0 -35"><span class='ocrx_word' id='word_1_90' title='bbox 347 1181 566 1232; x_wconf 77' lang='lat' dir='ltr'><strong><em>iussisset,</em></strong></span> <span class='ocrx_word' id='word_1_91' title='bbox 618 1184 793 1226; x_wconf 81' lang='lat' dir='ltr'><strong><em>exsules</em></strong></span> <span class='ocrx_word' id='word_1_92' title='bbox 830 1199 926 1227; x_wconf 89' lang='lat' dir='ltr'><strong><em>esse</em></strong></span> <span class='ocrx_word' id='word_1_93' title='bbox 964 1184 1017 1226; x_wconf 83' lang='lat' dir='ltr'>L.</span> <span class='ocrx_word' id='word_1_94' title='bbox 1048 1184 1335 1241; x_wconf 80' lang='lat' dir='ltr'><strong>Tarquinium</strong></span> <span class='ocrx_word' id='word_1_95' title='bbox 1372 1199 1468 1227; x_wconf 90' lang='lat' dir='ltr'><strong><em>cum</em></strong></span> <span class='ocrx_word' id='word_1_96' title='bbox 1511 1185 1695 1259; x_wconf 55' lang='lat' dir='ltr'><strong><em>⁰⁰¹¹i¹¹ss9</em></strong></span> <span class='ocrx_word' id='word_1_97' title='bbox 1732 1189 1777 1225; x_wconf 93' lang='lat' dir='ltr'><strong><em>et</em></strong></span> <span class='ocrx_word' id='word_1_98' title='bbox 1803 1184 1965 1226; x_wconf 84' lang='lat' dir='ltr'><strong><em>liberis.</em></strong></span> <span class='ocrx_word' id='word_1_99' title='bbox 1971 1183 2047 1235; x_wconf 70' lang='lat'><strong><em>**)</em></strong></span> <span class='ocrx_word' id='word_1_100' title='bbox 2105 1183 2271 1226; x_wconf 88' lang='lat' dir='ltr'><strong><em>Verum</em></strong></span> <span class='ocrx_word' id='word_1_101' title='bbox 2301 1185 2433 1227; x_wconf 93' lang='lat' dir='ltr'><strong><em>enim-</em></strong></span> 
     </span>
    </p>
   </div>
   <div class='ocr_carea' id='block_1_9' title="bbox 267 1265 2435 1330">
    <p class='ocr_par' dir='ltr' id='par_1_9' title="bbox 267 1265 2435 1330">
     <span class='ocr_line' id='line_1_14' title="bbox 267 1265 2435 1330; baseline 0.001 -22"><span class='ocrx_word' id='word_1_102' title='bbox 267 1283 270 1287; x_wconf 92' lang='lat'>·</span> <span class='ocrx_word' id='word_1_103' title='bbox 348 1280 474 1318; x_wconf 88' lang='lat' dir='ltr'><strong><em>vero,</em></strong></span> <span class='ocrx_word' id='word_1_104' title='bbox 519 1268 732 1325; x_wconf 86' lang='lat' dir='ltr'><strong><em>siquidem</em></strong></span> <span class='ocrx_word' id='word_1_105' title='bbox 762 1284 790 1312; x_wconf 89' lang='lat' dir='ltr'><strong><em>a</em></strong></span> <span class='ocrx_word' id='word_1_106' title='bbox 819 1269 1063 1330; x_wconf 52' lang='lat' dir='ltr'><strong><em>Pompongo</em></strong></span> <span class='ocrx_word' id='word_1_107' title='bbox 1092 1270 1264 1328; x_wconf 86' lang='lat' dir='ltr'><strong><em>regulas</em></strong></span> <span class='ocrx_word' id='word_1_108' title='bbox 1295 1271 1597 1328; x_wconf 86' lang='lat' dir='ltr'><strong><em>grammaticas</em></strong></span> <span class='ocrx_word' id='word_1_109' title='bbox 1626 1265 1873 1312; x_wconf 79' lang='lat' dir='ltr'><strong><em>observatas</em></strong></span> <span class='ocrx_word' id='word_1_110' title='bbox 1903 1285 2150 1320; x_wconf 81' lang='lat' dir='ltr'><strong><em>censemus,</em></strong></span> <span class='ocrx_word' id='word_1_111' title='bbox 2191 1276 2281 1312; x_wconf 90' lang='lat' dir='ltr'><strong><em>tum</em></strong></span> <span class='ocrx_word' id='word_1_112' title='bbox 2318 1269 2435 1326; x_wconf 83' lang='lat' dir='ltr'><strong><em>leges</em></strong></span> 
     </span>
    </p>
   </div>
   <div class='ocr_carea' id='block_1_10' title="bbox 344 1355 2435 1686">
    <p class='ocr_par' dir='ltr' id='par_1_10' title="bbox 344 1355 2435 1673">
     <span class='ocr_line' id='line_1_15' title="bbox 348 1355 2435 1413; baseline 0 -17"><span class='ocrx_word' id='word_1_113' title='bbox 348 1355 490 1411; x_wconf 84' lang='lat' dir='ltr'><strong><em>regias</em></strong></span> <span class='ocrx_word' id='word_1_114' title='bbox 521 1356 640 1412; x_wconf 89' lang='lat' dir='ltr'><strong><em>prius</em></strong></span> <span class='ocrx_word' id='word_1_115' title='bbox 669 1356 914 1400; x_wconf 86' lang='lat' dir='ltr'><strong><em>exolevisse</em></strong></span> <span class='ocrx_word' id='word_1_116' title='bbox 939 1357 1140 1408; x_wconf 84' lang='lat' dir='ltr'><strong><em>dixisset,</em></strong></span> <span class='ocrx_word' id='word_1_117' title='bbox 1172 1371 1300 1413; x_wconf 87' lang='lat' dir='ltr'><strong><em>quam</em></strong></span> <span class='ocrx_word' id='word_1_118' title='bbox 1319 1357 1577 1399; x_wconf 88' lang='lat' dir='ltr'><strong><em>instauratas</em></strong></span> <span class='ocrx_word' id='word_1_119' title='bbox 1603 1370 1714 1406; x_wconf 85' lang='lat' dir='ltr'><strong><em>esse,</em></strong></span> <span class='ocrx_word' id='word_1_120' title='bbox 1747 1356 1858 1412; x_wconf 90' lang='lat' dir='ltr'><strong><em>quod</em></strong></span> <span class='ocrx_word' id='word_1_121' title='bbox 1878 1355 2113 1398; x_wconf 85' lang='lat' dir='ltr'><strong><em>absurdum</em></strong></span> <span class='ocrx_word' id='word_1_122' title='bbox 2132 1361 2214 1399; x_wconf 85' lang='lat' dir='ltr'><strong><em>est.</em></strong></span> <span class='ocrx_word' id='word_1_123' title='bbox 2274 1355 2435 1412; x_wconf 90' lang='lat' dir='ltr'><strong><em>Neque</em></strong></span> 
     </span>
     <span class='ocr_line' id='line_1_16' title="bbox 347 1440 2434 1500; baseline 0 -18"><span class='ocrx_word' id='word_1_124' title='bbox 347 1454 547 1483; x_wconf 88' lang='lat' dir='ltr'><strong><em>numerus</em></strong></span> <span class='ocrx_word' id='word_1_125' title='bbox 587 1441 742 1498; x_wconf 79' lang='lat' dir='ltr'><strong><em>viginti</em></strong></span> <span class='ocrx_word' id='word_1_126' title='bbox 772 1456 1005 1493; x_wconf 87' lang='lat' dir='ltr'><strong><em>annorum,</em></strong></span> <span class='ocrx_word' id='word_1_127' title='bbox 1037 1457 1115 1499; x_wconf 90' lang='lat' dir='ltr'><strong><em>per</em></strong></span> <span class='ocrx_word' id='word_1_128' title='bbox 1145 1457 1252 1499; x_wconf 90' lang='lat' dir='ltr'><strong><em>quos</em></strong></span> <span class='ocrx_word' id='word_1_129' title='bbox 1282 1441 1469 1500; x_wconf 89' lang='lat' dir='ltr'><strong><em>populus</em></strong></span> <span class='ocrx_word' id='word_1_130' title='bbox 1501 1440 1723 1485; x_wconf 86' lang='lat' dir='ltr'><strong><em>Romanus</em></strong></span> <span class='ocrx_word' id='word_1_131' title='bbox 1753 1442 1915 1484; x_wconf 90' lang='lat' dir='ltr'><strong><em>incerto</em></strong></span> <span class='ocrx_word' id='word_1_132' title='bbox 1945 1442 2040 1483; x_wconf 90' lang='lat' dir='ltr'><strong><em>iure</em></strong></span> <span class='ocrx_word' id='word_1_133' title='bbox 2069 1455 2172 1483; x_wconf 88' lang='lat' dir='ltr'><strong><em>usus</em></strong></span> <span class='ocrx_word' id='word_1_134' title='bbox 2201 1454 2300 1494; x_wconf 66' lang='lat' dir='ltr'><strong><em>esse</em></strong></span> <span class='ocrx_word' id='word_1_135' title='bbox 2329 1441 2434 1485; x_wconf 78' lang='lat' dir='ltr'><strong><em>dici-</em></strong></span> 
     </span>
     <span class='ocr_line' id='line_1_17' title="bbox 345 1527 2435 1584; baseline 0.001 -16"><span class='ocrx_word' id='word_1_136' title='bbox 345 1532 427 1576; x_wconf 89' lang='lat' dir='ltr'><strong><em>tur,</em></strong></span> <span class='ocrx_word' id='word_1_137' title='bbox 463 1533 553 1570; x_wconf 90' lang='lat' dir='ltr'><strong><em>tum</em></strong></span> <span class='ocrx_word' id='word_1_138' title='bbox 581 1527 780 1577; x_wconf 85' lang='lat' dir='ltr'><strong><em>haberet,</em></strong></span> <span class='ocrx_word' id='word_1_139' title='bbox 810 1543 895 1583; x_wconf 91' lang='lat' dir='ltr'><strong><em>quo</em></strong></span> <span class='ocrx_word' id='word_1_140' title='bbox 926 1528 1173 1572; x_wconf 84' lang='lat' dir='ltr'><strong><em>referretur.</em></strong></span> <span class='ocrx_word' id='word_1_141' title='bbox 1234 1527 1324 1571; x_wconf 88' lang='lat' dir='ltr'><strong><em>Sed</em></strong></span> <span class='ocrx_word' id='word_1_142' title='bbox 1357 1528 1565 1584; x_wconf 82' lang='lat' dir='ltr'><strong><em>cuiusque</em></strong></span> <span class='ocrx_word' id='word_1_143' title='bbox 1597 1527 1792 1570; x_wconf 79' lang='lat' dir='ltr'><strong><em>vocabuli</em></strong></span> <span class='ocrx_word' id='word_1_144' title='bbox 1816 1527 1858 1569; x_wconf 93' lang='lat' dir='ltr'><strong><em>vi</em></strong></span> <span class='ocrx_word' id='word_1_145' title='bbox 1879 1528 1989 1570; x_wconf 88' lang='lat' dir='ltr'><strong><em>bene</em></strong></span> <span class='ocrx_word' id='word_1_146' title='bbox 2008 1540 2239 1584; x_wconf 85' lang='lat' dir='ltr'><strong><em>perpensa,</em></strong></span> <span class='ocrx_word' id='word_1_147' title='bbox 2269 1532 2435 1570; x_wconf 82' lang='lat' dir='ltr'><strong><em>tantum</em></strong></span> 
     </span>
     <span class='ocr_line' id='line_1_18' title="bbox 344 1603 2431 1686; baseline -0 -31"><span class='ocrx_word' id='word_1_148' title='bbox 344 1603 581 1686; x_wconf 48' lang='lat' dir='ltr'><strong><em>abestsut</em></strong></span> <span class='ocrx_word' id='word_1_149' title='bbox 608 1613 761 1679; x_wconf 79' lang='lat' dir='ltr'><strong><em>Livius</em></strong></span> <span class='ocrx_word' id='word_1_150' title='bbox 802 1623 847 1657; x_wconf 91' lang='lat' dir='ltr'><strong><em>et</em></strong></span> <span class='ocrx_word' id='word_1_151' title='bbox 877 1615 1114 1672; x_wconf 86' lang='lat' dir='ltr'><strong><em>Dionysius</em></strong></span> <span class='ocrx_word' id='word_1_152' title='bbox 1157 1629 1183 1657; x_wconf 90' lang='lat' dir='ltr'><strong><em>a</em></strong></span> <span class='ocrx_word' id='word_1_153' title='bbox 1214 1614 1457 1673; x_wconf 89' lang='lat' dir='ltr'><strong><em>Pomponio</em></strong></span> <span class='ocrx_word' id='word_1_154' title='bbox 1488 1615 1765 1664; x_wconf 85' lang='lat' dir='ltr'><strong><em>dissentiant,</em></strong></span> <span class='ocrx_word' id='word_1_155' title='bbox 1811 1620 1860 1656; x_wconf 92' lang='lat' dir='ltr'><strong><em>ut</em></strong></span> <span class='ocrx_word' id='word_1_156' title='bbox 1887 1614 1971 1670; x_wconf 90' lang='lat' dir='ltr'><strong><em>ipsi</em></strong></span> <span class='ocrx_word' id='word_1_157' title='bbox 2010 1614 2168 1654; x_wconf 89' lang='lat' dir='ltr'><strong><em>iustam</em></strong></span> <span class='ocrx_word' id='word_1_158' title='bbox 2201 1611 2431 1670; x_wconf 88' lang='lat' dir='ltr'><strong><em>Pomponii</em></strong></span> 
     </span>
    </p>
   </div>
   <div class='ocr_carea' id='block_1_11' title="bbox 412 1672 620 1758">
    <p class='ocr_par' dir='ltr' id='par_1_11' title="bbox 412 1672 620 1758">
     <span class='ocr_line' id='line_1_19' title="bbox 412 1672 620 1758; baseline 0 -54"><span class='ocrx_word' id='word_1_159' title='bbox 412 1672 620 1758; x_wconf 95' lang='lat' dir='ltr'><strong><em>   </em></strong></span> <span class='ocrx_word' id='word_1_160' title='bbox 562 1741 620 1758; x_wconf 95' lang='lat' dir='ltr'><strong><em> </em></strong></span> 
     </span>
    </p>
   </div>
   <div class='ocr_carea' id='block_1_12' title="bbox 591 1686 2433 1762">
    <p class='ocr_par' dir='ltr' id='par_1_12' title="bbox 591 1686 2433 1762">
     <span class='ocr_line' id='line_1_20' title="bbox 591 1686 2433 1762; baseline -0.002 -18"><span class='ocrx_word' id='word_1_161' title='bbox 591 1686 746 1762; x_wconf 24' lang='lat' dir='ltr'><strong><em>*quem</em></strong></span> <span class='ocrx_word' id='word_1_162' title='bbox 784 1700 1081 1758; x_wconf 84' lang='lat' dir='ltr'><strong><em>suppeditent.</em></strong></span> <span class='ocrx_word' id='word_1_163' title='bbox 1141 1700 1316 1757; x_wconf 88' lang='lat' dir='ltr'><strong><em>Viginti</em></strong></span> <span class='ocrx_word' id='word_1_164' title='bbox 1354 1702 1477 1743; x_wconf 89' lang='lat' dir='ltr'><strong><em>annis</em></strong></span> <span class='ocrx_word' id='word_1_165' title='bbox 1522 1701 1587 1742; x_wconf 89' lang='lat' dir='ltr'><strong><em>ius</em></strong></span> <span class='ocrx_word' id='word_1_166' title='bbox 1625 1701 1835 1743; x_wconf 87' lang='lat' dir='ltr'><strong><em>incertum</em></strong></span> <span class='ocrx_word' id='word_1_167' title='bbox 1873 1699 2008 1740; x_wconf 80' lang='lat' dir='ltr'><strong><em>fuisse</em></strong></span> <span class='ocrx_word' id='word_1_168' title='bbox 2049 1698 2229 1747; x_wconf 84' lang='lat' dir='ltr'><strong><em>dieitur,</em></strong></span> <span class='ocrx_word' id='word_1_169' title='bbox 2278 1699 2433 1754; x_wconf 75' lang='lat' dir='ltr'><strong><em>vig-inti</em></strong></span> 
     </span>
    </p>
   </div>
   <div class='ocr_carea' id='block_1_13' title="bbox 478 1747 562 1763">
    <p class='ocr_par' dir='ltr' id='par_1_13' title="bbox 478 1747 604 1763">
     <span class='ocr_line' id='line_1_21' title="bbox 478 1747 562 1763; baseline -0.008 -7"><span class='ocrx_word' id='word_1_170' title='bbox 478 1747 511 1757; x_wconf 46' lang='grc' dir='ltr'><strong><em>ν.</em></strong></span> <span class='ocrx_word' id='word_1_171' title='bbox 532 1748 562 1763; x_wconf 41' lang='grc' dir='ltr'><strong><em>-ν</em></strong></span> 
     </span>
    </p>
   </div>
   <div class='ocr_carea' id='block_1_14' title="bbox 342 1700 2437 2355">
    <p class='ocr_par' dir='ltr' id='par_1_14' title="bbox 342 1700 2437 2355">
     <span class='ocr_line' id='line_1_22' title="bbox 346 1700 411 1741; baseline 0.015 -1"><span class='ocrx_word' id='word_1_172' title='bbox 346 1700 411 1741; x_wconf 87' lang='lat' dir='ltr'><strong><em>int</em></strong></span> 
     </span>
     <span class='ocr_line' id='line_1_23' title="bbox 344 1762 2432 1840; baseline 0 -15"><span class='ocrx_word' id='word_1_173' title='bbox 344 1762 488 1827; x_wconf 79' lang='lat' dir='ltr'><strong><em>autem</em></strong></span> <span class='ocrx_word' id='word_1_174' title='bbox 519 1786 643 1832; x_wconf 76' lang='lat' dir='ltr'><strong><em>annis</em></strong></span> <span class='ocrx_word' id='word_1_175' title='bbox 662 1775 774 1828; x_wconf 71' lang='lat' dir='ltr'><strong><em>ante</em></strong></span> <span class='ocrx_word' id='word_1_176' title='bbox 805 1786 1035 1828; x_wconf 87' lang='lat' dir='ltr'><strong><em>duodecim</em></strong></span> <span class='ocrx_word' id='word_1_177' title='bbox 1065 1786 1231 1828; x_wconf 86' lang='lat' dir='ltr'><strong><em>tabulas</em></strong></span> <span class='ocrx_word' id='word_1_178' title='bbox 1261 1787 1328 1828; x_wconf 90' lang='lat' dir='ltr'><strong><em>ius</em></strong></span> <span class='ocrx_word' id='word_1_179' title='bbox 1358 1788 1570 1828; x_wconf 87' lang='lat' dir='ltr'><strong><em>incertum</em></strong></span> <span class='ocrx_word' id='word_1_180' title='bbox 1598 1786 1759 1828; x_wconf 77' lang='lat' dir='ltr'><strong><em>factum</em></strong></span> <span class='ocrx_word' id='word_1_181' title='bbox 1793 1790 1861 1826; x_wconf 89' lang='lat' dir='ltr'><strong><em>est</em></strong></span> <span class='ocrx_word' id='word_1_182' title='bbox 1889 1784 2058 1840; x_wconf 87' lang='lat' dir='ltr'><strong><em>legibus</em></strong></span> <span class='ocrx_word' id='word_1_183' title='bbox 2090 1783 2293 1825; x_wconf 90' lang='lat' dir='ltr'><strong><em>Publiliis</em></strong></span> <span class='ocrx_word' id='word_1_184' title='bbox 2325 1782 2432 1825; x_wconf 88' lang='lat' dir='ltr'><strong><em>Lae-</em></strong></span> 
     </span>
     <span class='ocr_line' id='line_1_24' title="bbox 343 1868 2431 1929; baseline -0.001 -17"><span class='ocrx_word' id='word_1_185' title='bbox 343 1871 479 1922; x_wconf 88' lang='lat' dir='ltr'><strong><em>toriis,</em></strong></span> <span class='ocrx_word' id='word_1_186' title='bbox 511 1885 617 1927; x_wconf 85' lang='lat' dir='ltr'><strong><em>quas</em></strong></span> <span class='ocrx_word' id='word_1_187' title='bbox 639 1869 701 1919; x_wconf 76' lang='lat' dir='ltr'>A.</span> <span class='ocrx_word' id='word_1_188' title='bbox 709 1869 772 1926; x_wconf 88' lang='lat' dir='ltr'><strong><em>U.</em></strong></span> <span class='ocrx_word' id='word_1_189' title='bbox 785 1871 874 1915; x_wconf 76' lang='lat'><strong><em>283</em></strong></span> <span class='ocrx_word' id='word_1_190' title='bbox 902 1871 1175 1929; x_wconf 89' lang='lat' dir='ltr'><strong><em>pertulerunt</em></strong></span> <span class='ocrx_word' id='word_1_191' title='bbox 1191 1871 1352 1913; x_wconf 91' lang='lat' dir='ltr'><strong><em>tribuni</em></strong></span> <span class='ocrx_word' id='word_1_192' title='bbox 1372 1871 1511 1928; x_wconf 92' lang='lat' dir='ltr'><strong><em>plebis</em></strong></span> <span class='ocrx_word' id='word_1_193' title='bbox 1526 1870 1739 1914; x_wconf 81' lang='lat' dir='ltr'><strong><em>Publilius</em></strong></span> <span class='ocrx_word' id='word_1_194' title='bbox 1752 1870 1914 1924; x_wconf 81' lang='lat' dir='ltr'><strong><em>Volero</em></strong></span> <span class='ocrx_word' id='word_1_195' title='bbox 1945 1876 1990 1912; x_wconf 92' lang='lat' dir='ltr'><strong><em>et</em></strong></span> <span class='ocrx_word' id='word_1_196' title='bbox 2006 1869 2060 1912; x_wconf 87' lang='lat' dir='ltr'>C.</span> <span class='ocrx_word' id='word_1_197' title='bbox 2073 1868 2304 1911; x_wconf 84' lang='lat' dir='ltr'><strong><em>Laetorius</em></strong></span> <span class='ocrx_word' id='word_1_198' title='bbox 2316 1869 2431 1920; x_wconf 53' lang='grc' dir='ltr'><strong><em>ἰι“““”“),</em></strong></span> 
     </span>
     <span class='ocr_line' id='line_1_25' title="bbox 344 1933 2433 2022; baseline -0.001 -26"><span class='ocrx_word' id='word_1_199' title='bbox 344 1960 392 1996; x_wconf 90' lang='lat' dir='ltr'><strong><em>ut</em></strong></span> <span class='ocrx_word' id='word_1_200' title='bbox 421 1953 581 2011; x_wconf 87' lang='lat' dir='ltr'><strong><em>plebeii</em></strong></span> <span class='ocrx_word' id='word_1_201' title='bbox 610 1933 887 2012; x_wconf 78' lang='lat' dir='ltr'><strong><em>magistratus</em></strong></span> <span class='ocrx_word' id='word_1_202' title='bbox 917 1956 1308 1999; x_wconf 82' lang='lat' dir='ltr'><strong><em>tributis-comitiis</em></strong></span> <span class='ocrx_word' id='word_1_203' title='bbox 1339 1955 1512 2007; x_wconf 90' lang='lat' dir='ltr'><strong><em>fierent,</em></strong></span> <span class='ocrx_word' id='word_1_204' title='bbox 1544 1955 1819 2022; x_wconf 44' lang='lat' dir='ltr'><strong><em>utqugpgood</em></strong></span> <span class='ocrx_word' id='word_1_205' title='bbox 1851 1955 1975 2012; x_wconf 88' lang='lat' dir='ltr'><strong><em>plebs</em></strong></span> <span class='ocrx_word' id='word_1_206' title='bbox 2005 1955 2200 1997; x_wconf 88' lang='lat' dir='ltr'><strong><em>tributim</em></strong></span> <span class='ocrx_word' id='word_1_207' title='bbox 2221 1954 2433 2003; x_wconf 83' lang='lat' dir='ltr'><strong><em>scivisset,</em></strong></span> 
     </span>
     <span class='ocr_line' id='line_1_26' title="bbox 342 2034 2433 2098; baseline 0 -17"><span class='ocrx_word' id='word_1_208' title='bbox 342 2040 451 2097; x_wconf 87' lang='lat' dir='ltr'><strong><em>legis</em></strong></span> <span class='ocrx_word' id='word_1_209' title='bbox 482 2041 675 2097; x_wconf 87' lang='lat' dir='ltr'><strong><em>vigorem</em></strong></span> <span class='ocrx_word' id='word_1_210' title='bbox 706 2041 899 2084; x_wconf 78' lang='lat' dir='ltr'><strong><em>haberet.</em></strong></span> <span class='ocrx_word' id='word_1_211' title='bbox 961 2041 1089 2095; x_wconf 85' lang='lat' dir='ltr'><strong><em>Quae</em></strong></span> <span class='ocrx_word' id='word_1_212' title='bbox 1118 2041 1238 2098; x_wconf 88' lang='lat' dir='ltr'><strong><em>leges</em></strong></span> <span class='ocrx_word' id='word_1_213' title='bbox 1269 2042 1465 2097; x_wconf 89' lang='lat' dir='ltr'><strong><em>quamvis</em></strong></span> <span class='ocrx_word' id='word_1_214' title='bbox 1495 2034 1727 2085; x_wconf 38' lang='lat' dir='ltr'><strong><em>adssolan?</em></strong></span> <span class='ocrx_word' id='word_1_215' title='bbox 1741 2041 1910 2098; x_wconf 88' lang='lat' dir='ltr'><strong><em>plebem</em></strong></span> <span class='ocrx_word' id='word_1_216' title='bbox 1941 2040 2242 2097; x_wconf 89' lang='lat' dir='ltr'><strong><em>pertinuerint,</em></strong></span> <span class='ocrx_word' id='word_1_217' title='bbox 2276 2045 2433 2087; x_wconf 89' lang='lat' dir='ltr'><strong><em>tamen,</em></strong></span> 
     </span>
     <span class='ocr_line' id='line_1_27' title="bbox 343 2125 2434 2184; baseline -0.001 -17"><span class='ocrx_word' id='word_1_218' title='bbox 343 2142 440 2168; x_wconf 89' lang='lat' dir='ltr'><strong><em>cum</em></strong></span> <span class='ocrx_word' id='word_1_219' title='bbox 482 2141 540 2168; x_wconf 87' lang='lat' dir='ltr'><strong><em>ex</em></strong></span> <span class='ocrx_word' id='word_1_220' title='bbox 577 2141 664 2168; x_wconf 89' lang='lat' dir='ltr'><strong><em>una</em></strong></span> <span class='ocrx_word' id='word_1_221' title='bbox 698 2126 923 2183; x_wconf 85' lang='lat' dir='ltr'><strong><em>republica</em></strong></span> <span class='ocrx_word' id='word_1_222' title='bbox 959 2127 1064 2168; x_wconf 89' lang='lat' dir='ltr'><strong><em>duas</em></strong></span> <span class='ocrx_word' id='word_1_223' title='bbox 1100 2126 1315 2175; x_wconf 87' lang='lat' dir='ltr'><strong><em>facerent,</em></strong></span> <span class='ocrx_word' id='word_1_224' title='bbox 1365 2127 1459 2169; x_wconf 90' lang='lat' dir='ltr'><strong><em>iure</em></strong></span> <span class='ocrx_word' id='word_1_225' title='bbox 1504 2127 1677 2183; x_wconf 84' lang='lat' dir='ltr'><strong><em>publico</em></strong></span> <span class='ocrx_word' id='word_1_226' title='bbox 1715 2128 1987 2184; x_wconf 85' lang='lat' dir='ltr'><strong><em>perturbato,</em></strong></span> <span class='ocrx_word' id='word_1_227' title='bbox 2039 2141 2180 2181; x_wconf 91' lang='lat' dir='ltr'><strong><em>neque</em></strong></span> <span class='ocrx_word' id='word_1_228' title='bbox 2219 2125 2434 2181; x_wconf 85' lang='lat' dir='ltr'><strong><em>privatum</em></strong></span> 
     </span>
     <span class='ocr_line' id='line_1_28' title="bbox 343 2208 2437 2271; baseline -0.002 -17"><span class='ocrx_word' id='word_1_229' title='bbox 343 2211 551 2254; x_wconf 85' lang='lat' dir='ltr'><strong><em>custodiri</em></strong></span> <span class='ocrx_word' id='word_1_230' title='bbox 581 2227 734 2270; x_wconf 86' lang='lat' dir='ltr'><strong><em>passae</em></strong></span> <span class='ocrx_word' id='word_1_231' title='bbox 764 2218 878 2255; x_wconf 88' lang='lat' dir='ltr'><strong><em>sunt.</em></strong></span> <span class='ocrx_word' id='word_1_232' title='bbox 939 2211 1147 2255; x_wconf 89' lang='lat' dir='ltr'><strong><em>Consulto</em></strong></span> <span class='ocrx_word' id='word_1_233' title='bbox 1176 2213 1310 2268; x_wconf 88' lang='lat' dir='ltr'><strong><em>igitur</em></strong></span> <span class='ocrx_word' id='word_1_234' title='bbox 1331 2211 1597 2270; x_wconf 88' lang='lat' dir='ltr'><strong><em>Pomponius</em></strong></span> <span class='ocrx_word' id='word_1_235' title='bbox 1627 2212 1747 2271; x_wconf 80' lang='lat' dir='ltr'><strong><em>leges</em></strong></span> <span class='ocrx_word' id='word_1_236' title='bbox 1777 2212 2015 2261; x_wconf 82' lang='lat' dir='ltr'><strong><em>exolevisse,</em></strong></span> <span class='ocrx_word' id='word_1_237' title='bbox 2047 2226 2132 2253; x_wconf 90' lang='lat' dir='ltr'><strong><em>non</em></strong></span> <span class='ocrx_word' id='word_1_238' title='bbox 2154 2210 2350 2252; x_wconf 79' lang='lat' dir='ltr'><strong><em>sublatas</em></strong></span> <span class='ocrx_word' id='word_1_239' title='bbox 2372 2208 2437 2250; x_wconf 85' lang='lat' dir='ltr'><strong><em>vel</em></strong></span> 
     </span>
     <span class='ocr_line' id='line_1_29' title="bbox 342 2297 2433 2355; baseline -0.001 -16"><span class='ocrx_word' id='word_1_240' title='bbox 342 2299 576 2355; x_wconf 75' lang='lat' dir='ltr'><strong><em>abroqatas</em></strong></span> <span class='ocrx_word' id='word_1_241' title='bbox 608 2312 704 2340; x_wconf 90' lang='lat' dir='ltr'><strong><em>esse</em></strong></span> <span class='ocrx_word' id='word_1_242' title='bbox 725 2298 853 2347; x_wconf 82' lang='lat' dir='ltr'><strong><em>dixit,</em></strong></span> <span class='ocrx_word' id='word_1_243' title='bbox 887 2298 1017 2353; x_wconf 91' lang='lat' dir='ltr'><strong><em>idque</em></strong></span> <span class='ocrx_word' id='word_1_244' title='bbox 1048 2298 1305 2351; x_wconf 66' lang='lat' dir='ltr'><strong><em>vere.****)</em></strong></span> <span class='ocrx_word' id='word_1_245' title='bbox 1360 2298 1622 2341; x_wconf 89' lang='lat' dir='ltr'><strong><em>Consulibus</em></strong></span> <span class='ocrx_word' id='word_1_246' title='bbox 1654 2300 1783 2348; x_wconf 89' lang='lat' dir='ltr'><strong><em>enim,</em></strong></span> <span class='ocrx_word' id='word_1_247' title='bbox 1816 2298 1869 2340; x_wconf 89' lang='lat' dir='ltr'><strong><em>ad</em></strong></span> <span class='ocrx_word' id='word_1_248' title='bbox 1892 2313 1998 2353; x_wconf 87' lang='lat' dir='ltr'><strong><em>quos</em></strong></span> <span class='ocrx_word' id='word_1_249' title='bbox 2020 2311 2170 2352; x_wconf 89' lang='lat' dir='ltr'><strong><em>regum</em></strong></span> <span class='ocrx_word' id='word_1_250' title='bbox 2192 2297 2433 2338; x_wconf 86' lang='lat' dir='ltr'><strong><em>iurisdictio</em></strong></span> 
     </span>
    </p>
   </div>
   <div class='ocr_carea' id='block_1_15' title="bbox 335 2383 2431 3206">
    <p class='ocr_par' dir='ltr' id='par_1_15' title="bbox 335 2383 2431 3206">
     <span class='ocr_line' id='line_1_30' title="bbox 341 2383 2431 2441; baseline -0.001 -17"><span class='ocrx_word' id='word_1_251' title='bbox 341 2385 589 2433; x_wconf 89' lang='lat' dir='ltr'><strong><em>transierat,</em></strong></span> <span class='ocrx_word' id='word_1_252' title='bbox 643 2385 991 2440; x_wconf 88' lang='lat' dir='ltr'><strong><em>superbientibus</em></strong></span> <span class='ocrx_word' id='word_1_253' title='bbox 1034 2385 1156 2440; x_wconf 90' lang='lat' dir='ltr'><strong><em>plebs</em></strong></span> <span class='ocrx_word' id='word_1_254' title='bbox 1196 2385 1447 2440; x_wconf 91' lang='lat' dir='ltr'><strong><em>obsequium</em></strong></span> <span class='ocrx_word' id='word_1_255' title='bbox 1488 2390 1710 2441; x_wconf 87' lang='lat' dir='ltr'><strong><em>praestare</em></strong></span> <span class='ocrx_word' id='word_1_256' title='bbox 1747 2385 1925 2440; x_wconf 89' lang='lat' dir='ltr'><strong><em>amplius</em></strong></span> <span class='ocrx_word' id='word_1_257' title='bbox 1974 2384 2126 2425; x_wconf 88' lang='lat' dir='ltr'><strong><em>noluit.</em></strong></span> <span class='ocrx_word' id='word_1_258' title='bbox 2196 2383 2431 2438; x_wconf 87' lang='lat' dir='ltr'><strong><em>Dionysius</em></strong></span> 
     </span>
     <span class='ocr_line' id='line_1_31' title="bbox 678 2503 728 2536; baseline 0 0"><span class='ocrx_word' id='word_1_259' title='bbox 678 2503 728 2536; x_wconf 60' lang='lat' dir='ltr'><strong><em>“fs</em></strong></span> 
     </span>
     <span class='ocr_line' id='line_1_32' title="bbox 410 2546 2427 2594; baseline -0 -12"><span class='ocrx_word' id='word_1_260' title='bbox 410 2547 449 2592; x_wconf 61' lang='lat'><strong><em>⁸)</em></strong></span> <span class='ocrx_word' id='word_1_261' title='bbox 481 2546 669 2582; x_wconf 78' lang='lat' dir='ltr'><strong><em>Asconius</em></strong></span> <span class='ocrx_word' id='word_1_262' title='bbox 694 2546 744 2583; x_wconf 81' lang='lat' dir='ltr'><strong><em>ad</em></strong></span> <span class='ocrx_word' id='word_1_263' title='bbox 770 2547 849 2583; x_wconf 88' lang='lat' dir='ltr'>Cic.</span> <span class='ocrx_word' id='word_1_264' title='bbox 878 2547 1025 2584; x_wconf 89' lang='lat' dir='ltr'><strong><em>Cornel.</em></strong></span> <span class='ocrx_word' id='word_1_265' title='bbox 1051 2559 1087 2593; x_wconf 93' lang='lat' dir='ltr'><strong><em>p.</em></strong></span> <span class='ocrx_word' id='word_1_266' title='bbox 1113 2551 1160 2584; x_wconf 89' lang='grc'><strong><em>77</em></strong></span> <span class='ocrx_word' id='word_1_267' title='bbox 1186 2549 1245 2585; x_wconf 91' lang='lat' dir='ltr'><strong><em>ed.</em></strong></span> <span class='ocrx_word' id='word_1_268' title='bbox 1261 2549 1377 2585; x_wconf 86' lang='lat' dir='ltr'><strong><em>Orell.</em></strong></span> <span class='ocrx_word' id='word_1_269' title='bbox 1404 2549 1491 2585; x_wconf 87' lang='lat' dir='ltr'><strong><em>Vol.</em></strong></span> <span class='ocrx_word' id='word_1_270' title='bbox 1505 2553 1541 2586; x_wconf 86' lang='lat'><strong><em>5.</em></strong></span> <span class='ocrx_word' id='word_1_271' title='bbox 1566 2549 1673 2588; x_wconf 76' lang='lat' dir='ltr'><strong><em>Part.</em></strong></span> <span class='ocrx_word' id='word_1_272' title='bbox 1684 2548 1739 2589; x_wconf 80' lang='lat'><strong><em>11</em></strong></span> <span class='ocrx_word' id='word_1_273' title='bbox 1789 2546 1910 2583; x_wconf 83' lang='lat' dir='ltr'><strong><em>Manii</em></strong></span> <span class='ocrx_word' id='word_1_274' title='bbox 1937 2557 2165 2594; x_wconf 82' lang='lat' dir='ltr'><strong><em>praenomen</em></strong></span> <span class='ocrx_word' id='word_1_275' title='bbox 2194 2547 2309 2583; x_wconf 83' lang='lat' dir='ltr'><strong><em>fuisse</em></strong></span> <span class='ocrx_word' id='word_1_276' title='bbox 2334 2558 2427 2592; x_wconf 91' lang='lat' dir='ltr'><strong><em>pon-</em></strong></span> 
     </span>
     <span class='ocr_line' id='line_1_33' title="bbox 481 2606 2431 2675; baseline -0.001 -18"><span class='ocrx_word' id='word_1_277' title='bbox 481 2621 603 2665; x_wconf 89' lang='lat' dir='ltr'><strong><em>tificis,</em></strong></span> <span class='ocrx_word' id='word_1_278' title='bbox 629 2620 815 2668; x_wconf 87' lang='lat' dir='ltr'><strong><em>siquidem</em></strong></span> <span class='ocrx_word' id='word_1_279' title='bbox 831 2621 932 2658; x_wconf 86' lang='lat' dir='ltr'><strong><em>idem</em></strong></span> <span class='ocrx_word' id='word_1_280' title='bbox 946 2626 1004 2659; x_wconf 87' lang='lat' dir='ltr'><strong><em>est</em></strong></span> <span class='ocrx_word' id='word_1_281' title='bbox 1023 2628 1135 2669; x_wconf 84' lang='lat' dir='ltr'><strong><em>atque</em></strong></span> <span class='ocrx_word' id='word_1_282' title='bbox 1148 2623 1210 2660; x_wconf 82' lang='lat' dir='ltr'><strong><em>ille</em></strong></span> <span class='ocrx_word' id='word_1_283' title='bbox 1223 2635 1415 2661; x_wconf 85' lang='lat' dir='ltr'><strong><em>sacrorum</em></strong></span> <span class='ocrx_word' id='word_1_284' title='bbox 1440 2635 1521 2668; x_wconf 86' lang='lat' dir='ltr'><strong><em>rex,</em></strong></span> <span class='ocrx_word' id='word_1_285' title='bbox 1546 2606 1746 2675; x_wconf 57' lang='lat' dir='ltr'><strong><em>propte&#39;a</em></strong></span> <span class='ocrx_word' id='word_1_286' title='bbox 1769 2622 1952 2669; x_wconf 84' lang='lat' dir='ltr'><strong><em>suspicor,</em></strong></span> <span class='ocrx_word' id='word_1_287' title='bbox 1980 2623 2083 2669; x_wconf 89' lang='lat' dir='ltr'><strong><em>quod</em></strong></span> <span class='ocrx_word' id='word_1_288' title='bbox 2097 2633 2147 2658; x_wconf 78' lang='lat' dir='ltr'><strong><em>ex</em></strong></span> <span class='ocrx_word' id='word_1_289' title='bbox 2162 2622 2273 2657; x_wconf 89' lang='lat' dir='ltr'><strong><em>variis</em></strong></span> <span class='ocrx_word' id='word_1_290' title='bbox 2284 2621 2431 2657; x_wconf 82' lang='lat' dir='ltr'><strong><em>litterae</em></strong></span> 
     </span>
     <span class='ocr_line' id='line_1_34' title="bbox 481 2681 2431 2747; baseline 0.002 -14"><span class='ocrx_word' id='word_1_291' title='bbox 481 2698 523 2733; x_wconf 90' lang='lat' dir='ltr'>M</span> <span class='ocrx_word' id='word_1_292' title='bbox 550 2696 679 2734; x_wconf 86' lang='lat' dir='ltr'><strong><em>formis</em></strong></span> <span class='ocrx_word' id='word_1_293' title='bbox 705 2702 743 2732; x_wconf 90' lang='lat' dir='ltr'><strong><em>et</em></strong></span> <span class='ocrx_word' id='word_1_294' title='bbox 765 2697 922 2743; x_wconf 80' lang='lat' dir='ltr'><strong><em>integris</em></strong></span> <span class='ocrx_word' id='word_1_295' title='bbox 947 2703 987 2735; x_wconf 86' lang='lat' dir='ltr'><strong><em>et</em></strong></span> <span class='ocrx_word' id='word_1_296' title='bbox 1010 2700 1192 2736; x_wconf 88' lang='lat' dir='ltr'><strong><em>mutilatis</em></strong></span> <span class='ocrx_word' id='word_1_297' title='bbox 1217 2712 1302 2736; x_wconf 89' lang='lat' dir='ltr'><strong><em>cum</em></strong></span> <span class='ocrx_word' id='word_1_298' title='bbox 1328 2701 1363 2737; x_wconf 89' lang='lat' dir='ltr'>G</span> <span class='ocrx_word' id='word_1_299' title='bbox 1389 2701 1447 2737; x_wconf 84' lang='lat' dir='ltr'><strong><em>vel</em></strong></span> <span class='ocrx_word' id='word_1_300' title='bbox 1472 2701 1503 2737; x_wconf 87' lang='lat' dir='ltr'>C</span> <span class='ocrx_word' id='word_1_301' title='bbox 1527 2705 1608 2737; x_wconf 79' lang='lat' dir='ltr'><strong><em>tum</em></strong></span> <span class='ocrx_word' id='word_1_302' title='bbox 1632 2700 1667 2737; x_wconf 82' lang='lat' dir='ltr'>P</span> <span class='ocrx_word' id='word_1_303' title='bbox 1690 2681 1849 2747; x_wconf 77' lang='lat' dir='ltr'><strong><em>ipsaque</em></strong></span> <span class='ocrx_word' id='word_1_304' title='bbox 1877 2699 1903 2735; x_wconf 92' lang='lat' dir='ltr'>S</span> <span class='ocrx_word' id='word_1_305' title='bbox 1931 2698 2081 2735; x_wconf 80' lang='lat' dir='ltr'><strong><em>facilius</em></strong></span> <span class='ocrx_word' id='word_1_306' title='bbox 2104 2698 2189 2735; x_wconf 85' lang='lat' dir='ltr'><strong><em>oriri</em></strong></span> <span class='ocrx_word' id='word_1_307' title='bbox 2216 2702 2431 2743; x_wconf 75' lang='lat' dir='ltr'><strong><em>potuerunt.</em></strong></span> 
     </span>
     <span class='ocr_line' id='line_1_35' title="bbox 480 2770 2431 2824; baseline 0.001 -14"><span class='ocrx_word' id='word_1_308' title='bbox 480 2786 595 2821; x_wconf 90' lang='lat' dir='ltr'><strong><em>quam</em></strong></span> <span class='ocrx_word' id='word_1_309' title='bbox 620 2786 670 2811; x_wconf 83' lang='lat' dir='ltr'><strong><em>ex</em></strong></span> <span class='ocrx_word' id='word_1_310' title='bbox 695 2774 778 2810; x_wconf 84' lang='lat' dir='ltr'><strong><em>aliis</em></strong></span> <span class='ocrx_word' id='word_1_311' title='bbox 804 2774 859 2811; x_wconf 87' lang='grc' dir='ltr'><strong><em>Μ.</em></strong></span> <span class='ocrx_word' id='word_1_312' title='bbox 908 2770 1013 2812; x_wconf 63' lang='lat' dir='ltr'><strong><em>Ham</em></strong></span> <span class='ocrx_word' id='word_1_313' title='bbox 1048 2776 1091 2812; x_wconf 88' lang='grc' dir='ltr'><strong>Μ</strong></span> <span class='ocrx_word' id='word_1_314' title='bbox 1125 2781 1164 2812; x_wconf 89' lang='lat' dir='ltr'><strong><em>et</em></strong></span> <span class='ocrx_word' id='word_1_315' title='bbox 1189 2776 1215 2814; x_wconf 94' lang='lat' dir='ltr'>S</span> <span class='ocrx_word' id='word_1_316' title='bbox 1251 2777 1455 2824; x_wconf 81' lang='lat' dir='ltr'><strong><em>antiquitus</em></strong></span> <span class='ocrx_word' id='word_1_317' title='bbox 1488 2778 1649 2814; x_wconf 87' lang='lat' dir='ltr'><strong><em>eandem</em></strong></span> <span class='ocrx_word' id='word_1_318' title='bbox 1674 2778 1887 2816; x_wconf 82' lang='lat' dir='ltr'><strong><em>habuerunt</em></strong></span> <span class='ocrx_word' id='word_1_319' title='bbox 1911 2776 2089 2821; x_wconf 77' lang='lat' dir='ltr'><strong><em>formam,</em></strong></span> <span class='ocrx_word' id='word_1_320' title='bbox 2125 2775 2234 2813; x_wconf 83' lang='lat' dir='ltr'><strong><em>sicuti</em></strong></span> <span class='ocrx_word' id='word_1_321' title='bbox 2261 2774 2297 2810; x_wconf 90' lang='lat' dir='ltr'>G</span> <span class='ocrx_word' id='word_1_322' title='bbox 2323 2781 2360 2812; x_wconf 88' lang='lat' dir='ltr'><strong><em>et</em></strong></span> <span class='ocrx_word' id='word_1_323' title='bbox 2387 2775 2431 2819; x_wconf 91' lang='lat' dir='ltr'><strong><em>C,</em></strong></span> 
     </span>
     <span class='ocr_line' id='line_1_36' title="bbox 479 2837 2430 2900; baseline 0.001 -13"><span class='ocrx_word' id='word_1_324' title='bbox 479 2852 573 2888; x_wconf 84' lang='lat' dir='ltr'><strong><em>haec</em></strong></span> <span class='ocrx_word' id='word_1_325' title='bbox 598 2856 725 2888; x_wconf 85' lang='lat' dir='ltr'><strong><em>autem</em></strong></span> <span class='ocrx_word' id='word_1_326' title='bbox 750 2837 825 2898; x_wconf 52' lang='grc' dir='ltr'><strong><em>(Οἳ</em></strong></span> <span class='ocrx_word' id='word_1_327' title='bbox 840 2862 916 2888; x_wconf 87' lang='grc' dir='ltr'><strong>ιιοιι</strong></span> <span class='ocrx_word' id='word_1_328' title='bbox 942 2851 1093 2890; x_wconf 84' lang='lat' dir='ltr'><strong><em>diversa</em></strong></span> <span class='ocrx_word' id='word_1_329' title='bbox 1118 2858 1176 2890; x_wconf 91' lang='lat' dir='ltr'><strong><em>est</em></strong></span> <span class='ocrx_word' id='word_1_330' title='bbox 1201 2864 1224 2890; x_wconf 84' lang='lat' dir='ltr'><strong><em>a</em></strong></span> <span class='ocrx_word' id='word_1_331' title='bbox 1248 2853 1370 2900; x_wconf 84' lang='lat' dir='ltr'><strong><em>prima</em></strong></span> <span class='ocrx_word' id='word_1_332' title='bbox 1394 2854 1493 2891; x_wconf 88' lang='lat' dir='ltr'><strong><em>linea</em></strong></span> <span class='ocrx_word' id='word_1_333' title='bbox 1518 2854 1666 2893; x_wconf 83' lang='lat' dir='ltr'><strong><em>litterae</em></strong></span> <span class='ocrx_word' id='word_1_334' title='bbox 1693 2855 1748 2900; x_wconf 85' lang='lat' dir='ltr'><strong><em>M,</em></strong></span> <span class='ocrx_word' id='word_1_335' title='bbox 1780 2860 1818 2891; x_wconf 85' lang='lat' dir='ltr'><strong><em>et</em></strong></span> <span class='ocrx_word' id='word_1_336' title='bbox 1844 2854 1877 2891; x_wconf 87' lang='lat' dir='ltr'>P</span> <span class='ocrx_word' id='word_1_337' title='bbox 1911 2853 2042 2891; x_wconf 82' lang='lat' dir='ltr'><strong><em>similis</em></strong></span> <span class='ocrx_word' id='word_1_338' title='bbox 2068 2853 2217 2890; x_wconf 83' lang='lat' dir='ltr'><strong><em>duabus</em></strong></span> <span class='ocrx_word' id='word_1_339' title='bbox 2242 2852 2430 2900; x_wconf 84' lang='lat' dir='ltr'><strong><em>prioribus</em></strong></span> 
     </span>
     <span class='ocr_line' id='line_1_37' title="bbox 480 2918 1566 2977; baseline 0.002 -12"><span class='ocrx_word' id='word_1_340' title='bbox 480 2929 587 2965; x_wconf 88' lang='lat' dir='ltr'><strong><em>lineis</em></strong></span> <span class='ocrx_word' id='word_1_341' title='bbox 613 2918 782 2964; x_wconf 87' lang='lat' dir='ltr'><strong><em>eiusdem</em></strong></span> <span class='ocrx_word' id='word_1_342' title='bbox 806 2927 965 2971; x_wconf 85' lang='lat' dir='ltr'><strong><em>litterae,</em></strong></span> <span class='ocrx_word' id='word_1_343' title='bbox 993 2929 1025 2964; x_wconf 87' lang='lat' dir='ltr'><strong><em>si</em></strong></span> <span class='ocrx_word' id='word_1_344' title='bbox 1050 2929 1175 2966; x_wconf 78' lang='lat' dir='ltr'><strong><em>curvis</em></strong></span> <span class='ocrx_word' id='word_1_345' title='bbox 1199 2930 1308 2967; x_wconf 86' lang='lat' dir='ltr'><strong><em>lineis</em></strong></span> <span class='ocrx_word' id='word_1_346' title='bbox 1330 2930 1566 2977; x_wconf 80' lang='lat' dir='ltr'><strong><em>pingebatur.</em></strong></span> 
     </span>
     <span class='ocr_line' id='line_1_38' title="bbox 382 3005 2171 3053; baseline -0.001 -11"><span class='ocrx_word' id='word_1_347' title='bbox 382 3008 443 3052; x_wconf 58' lang='grc' dir='ltr'><strong><em>*ἢ</em></strong></span> <span class='ocrx_word' id='word_1_348' title='bbox 477 3007 663 3042; x_wconf 89' lang='lat' dir='ltr'><strong><em>Zimmern</em></strong></span> <span class='ocrx_word' id='word_1_349' title='bbox 690 3006 827 3041; x_wconf 88' lang='lat' dir='ltr'><strong><em>Gescb.</em></strong></span> <span class='ocrx_word' id='word_1_350' title='bbox 854 3005 921 3043; x_wconf 77' lang='lat' dir='ltr'><strong><em>dos</em></strong></span> <span class='ocrx_word' id='word_1_351' title='bbox 947 3005 1059 3041; x_wconf 70' lang='lat' dir='ltr'><strong><em>Rom.</em></strong></span> <span class='ocrx_word' id='word_1_352' title='bbox 1086 3005 1250 3043; x_wconf 86' lang='lat' dir='ltr'><strong><em>Privatr.</em></strong></span> <span class='ocrx_word' id='word_1_353' title='bbox 1276 3006 1362 3043; x_wconf 84' lang='lat' dir='ltr'><strong><em>vol.</em></strong></span> <span class='ocrx_word' id='word_1_354' title='bbox 1390 3007 1421 3043; x_wconf 93' lang='lat'>1.</span> <span class='ocrx_word' id='word_1_355' title='bbox 1447 3007 1481 3051; x_wconf 60' lang='grc' dir='ltr'><strong><em>ὦ.</em></strong></span> <span class='ocrx_word' id='word_1_356' title='bbox 1505 3011 1566 3044; x_wconf 83' lang='grc'><strong><em>26.</em></strong></span> <span class='ocrx_word' id='word_1_357' title='bbox 1592 3020 1629 3053; x_wconf 93' lang='lat' dir='ltr'><strong><em>p.</em></strong></span> <span class='ocrx_word' id='word_1_358' title='bbox 1656 3011 1716 3046; x_wconf 87' lang='grc'><strong><em>87.</em></strong></span> <span class='ocrx_word' id='word_1_359' title='bbox 1767 3007 1936 3044; x_wconf 80' lang='lat' dir='ltr'><strong><em>Niebuhr</em></strong></span> <span class='ocrx_word' id='word_1_360' title='bbox 1963 3006 1993 3042; x_wconf 93' lang='grc' dir='ltr'><strong><em>Ι.</em></strong></span> <span class='ocrx_word' id='word_1_361' title='bbox 2020 3017 2058 3051; x_wconf 89' lang='lat' dir='ltr'><strong><em>p.</em></strong></span> <span class='ocrx_word' id='word_1_362' title='bbox 2084 3009 2171 3044; x_wconf 79' lang='lat'>586.</span> 
     </span>
     <span class='ocr_line' id='line_1_39' title="bbox 358 3081 1712 3130; baseline 0.002 -11"><span class='ocrx_word' id='word_1_363' title='bbox 358 3084 440 3129; x_wconf 71' lang='lat'><strong><em>***)</em></strong></span> <span class='ocrx_word' id='word_1_364' title='bbox 473 3083 554 3119; x_wconf 84' lang='lat' dir='ltr'><strong><em>Liv.</em></strong></span> <span class='ocrx_word' id='word_1_365' title='bbox 581 3083 635 3119; x_wconf 93' lang='lat'>11.</span> <span class='ocrx_word' id='word_1_366' title='bbox 662 3086 721 3119; x_wconf 82' lang='lat'><strong><em>56.</em></strong></span> <span class='ocrx_word' id='word_1_367' title='bbox 773 3081 930 3127; x_wconf 87' lang='lat' dir='ltr'><strong><em>Dionys.</em></strong></span> <span class='ocrx_word' id='word_1_368' title='bbox 958 3082 1034 3118; x_wconf 91' lang='lat' dir='ltr'>IX.</span> <span class='ocrx_word' id='word_1_369' title='bbox 1060 3084 1220 3120; x_wconf 76' lang='lat'>41-43.</span> <span class='ocrx_word' id='word_1_370' title='bbox 1274 3083 1455 3120; x_wconf 89' lang='lat' dir='ltr'><strong><em>Niebuhr.</em></strong></span> <span class='ocrx_word' id='word_1_371' title='bbox 1483 3084 1537 3121; x_wconf 87' lang='grc' dir='ltr'><strong><em>ΙΙ.</em></strong></span> <span class='ocrx_word' id='word_1_372' title='bbox 1563 3096 1601 3130; x_wconf 85' lang='lat' dir='ltr'><strong><em>p.</em></strong></span> <span class='ocrx_word' id='word_1_373' title='bbox 1626 3087 1712 3129; x_wconf 62' lang='lat'>296.</span> 
     </span>
     <span class='ocr_line' id='line_1_40' title="bbox 335 3156 2082 3206; baseline 0.002 -14"><span class='ocrx_word' id='word_1_374' title='bbox 335 3159 440 3203; x_wconf 72' lang='lat'>****)</span> <span class='ocrx_word' id='word_1_375' title='bbox 476 3156 508 3191; x_wconf 94' lang='grc' dir='ltr'><strong><em>Ι.</em></strong></span> <span class='ocrx_word' id='word_1_376' title='bbox 536 3159 582 3194; x_wconf 90' lang='lat' dir='ltr'><strong><em>A.</em></strong></span> <span class='ocrx_word' id='word_1_377' title='bbox 613 3158 747 3195; x_wconf 85' lang='lat' dir='ltr'><strong><em>Baebii</em></strong></span> <span class='ocrx_word' id='word_1_378' title='bbox 773 3158 875 3195; x_wconf 86' lang='lat' dir='ltr'><strong><em>Hist.</em></strong></span> <span class='ocrx_word' id='word_1_379' title='bbox 907 3158 1061 3205; x_wconf 87' lang='lat' dir='ltr'><strong><em>Iurispr.</em></strong></span> <span class='ocrx_word' id='word_1_380' title='bbox 1089 3159 1131 3195; x_wconf 93' lang='lat' dir='ltr'><strong><em>L.</em></strong></span> <span class='ocrx_word' id='word_1_381' title='bbox 1160 3160 1192 3195; x_wconf 91' lang='grc' dir='ltr'><strong><em>Ι.</em></strong></span> <span class='ocrx_word' id='word_1_382' title='bbox 1219 3171 1251 3196; x_wconf 84' lang='lat' dir='ltr'><strong><em>o.</em></strong></span> <span class='ocrx_word' id='word_1_383' title='bbox 1278 3162 1312 3196; x_wconf 88' lang='lat'>2.</span> <span class='ocrx_word' id='word_1_384' title='bbox 1339 3160 1371 3204; x_wconf 83' lang='lat'>§.</span> <span class='ocrx_word' id='word_1_385' title='bbox 1400 3162 1431 3195; x_wconf 85' lang='lat'>1.</span> <span class='ocrx_word' id='word_1_386' title='bbox 1465 3159 1514 3196; x_wconf 91' lang='lat' dir='ltr'>N.</span> <span class='ocrx_word' id='word_1_387' title='bbox 1541 3170 1576 3196; x_wconf 88' lang='lat' dir='ltr'><strong><em>a.</em></strong></span> <span class='ocrx_word' id='word_1_388' title='bbox 1602 3160 1662 3197; x_wconf 89' lang='lat' dir='ltr'><strong><em>ed.</em></strong></span> <span class='ocrx_word' id='word_1_389' title='bbox 1690 3160 1932 3197; x_wconf 85' lang='lat' dir='ltr'><strong><em>Stockmann.</em></strong></span> <span class='ocrx_word' id='word_1_390' title='bbox 1958 3171 1997 3206; x_wconf 90' lang='lat' dir='ltr'><strong><em>p.</em></strong></span> <span class='ocrx_word' id='word_1_391' title='bbox 2023 3162 2082 3196; x_wconf 72' lang='lat'><strong><em>22.</em></strong></span> 
     </span>
    </p>
   </div>
   <div class='ocr_carea' id='block_1_16' title="bbox 1850 3235 1879 3279">
    <p class='ocr_par' dir='ltr' id='par_1_16' title="bbox 1850 3235 1879 3279">
     <span class='ocr_line' id='line_1_41' title="bbox 1850 3235 1879 3279; baseline 0 0"><span class='ocrx_word' id='word_1_392' title='bbox 1850 3235 1879 3279; x_wconf 87' lang='lat'><strong>3</strong></span> 
     </span>
    </p>
   </div>
  </div>
 </body>
</html>
