2940 3691
1168 288 1498 336 -—·37-

409 425 531 470 Inter
562 426 608 470 N
611 440 735 470 amne
763 420 1091 466 commentarios
1122 420 1252 463 etiam
1282 420 1374 462 eius
1407 419 1529 482 lf'asti
1559 418 1748 467 fuerunt,
1780 419 1935 474 quibus
1967 432 2120 461 novum
2150 421 2375 462 constituit

295 526 465 564 annum,
497 522 683 570 eumque·
711 505 902 551 lunarem
932 505 1159 549 duodecim
1187 494 1413 556 merffiium,
1445 519 1572 561 quem
1603 504 1737 547 lustro
1767 504 1992 548 condendo
2011 503 2184 549 Servius
2203 506 2374 550 Tullius

295 616 391 644 cum
424 599 601 644 Romuli
633 597 798 637 ratione
828 596 870 636 in
902 593 1175 636 concordiam
1212 589 1492 633 reconciliare
1528 589 1757 640 studuit.*)
1817 590 1917 633 Hoc
1949 591 2143 647 pluribus
2173 594 2373 648 persequi

296 686 474 745 longum
503 688 571 727 est
600 688 646 725 et
673 684 726 725 ab
758 682 838 724 hoc
868 681 965 723 loco
993 679 1195 722 alienum.
1257 677 1345 719 Sed
1369 675 1595 718 Fastorum
1618 677 1772 726 locum,
1806 679 1877 732 qui
1910 684 2104 720 servatus
2126 683 2206 726 est,
2230 679 2371 735 singu-

296 772 426 815 larem
456 768 652 814 adscribo
671 802 682 819 ‚
719 782 778 813 ex
807 779 893 823 quo
922 763 1106 821 intelligi
1132 764 1284 822 possit,
1316 754 1529 821 quomodo
1559 762 1719 805 factum
1749 764 1819 814 sit,
1852 769 1898 805 ut
1928 763 2074 807 Numa
2103 778 2181 823 pro
2214 764 2372 822 Pytha-

295 859 443 913 gorico
480 855 721 899 haberetur.
783 850 944 895 Exstat
979 849 1093 907 apud
1135 847 1548 905 JoannemflLydum
1588 848 1641 890 de
1674 846 1869 892 Ostentis
1927 848 2071 903 (Paris
2102 850 2217 895 1823
2247 866 2286 894 e.
2320 851 2375 894 18

292 959 336 1000 p.
367 943 442 995 62)
482 958 509 984 a
551 942 652 984 Car.
704 938 870 980 Beued.
926 935 1067 978 Hasio
1112 936 1175 978 ita
1217 935 1461 991 suppletus:
1536 929 1678 991 Κήρυξ
1718 932 1761 976 δὲ
1798 934 1878 977 τῶν
1915 930 2156 992 ἆποῤῥήτων
2183 934 2209 990 ἧ
2239 931 2373 988 φύσις.

281 1023 402 1071 'Dat’
431 1028 504 1072 οὐκ
524 1030 608 1076 ,ἐξω
637 1022 955 1082 φρενοβλαβείας
983 1022 1210 1077 μέμφονται
1235 1027 1327 1069 ταῖς
1342 1014 1567 1074 -μεθόδοις,
1595 1017 1645 1060 δι’
1673 1010 1729 1059 ὧν
1757 1019 1830 1060 τοῦ
1855 1016 2073 1072 μέλλοντος
2101 1015 2373 1075 στοχάζεσθαι

290 1108 552 1173 εῖςαχόμεθα·
592 1107 686 1153 οὐδὲ
723 1104 770 1150 τὸ
799 1108 894 1163 περὶ
922 1102 1115 1163 τήν’·τῶν
1153 1104 1333 1162 ἀστέρων
1372 1106 1557 1160 θεωρίαν
1585 1101 1842 1158 ἂπασχολοῦν
1871 1103 1948 1151 ἐξω
1976 1104 2220 1159 θεοσεβείας
2247 1113 2367 1147 ποιεῖ·

290 1195 383 1240 ἀλλ’
412 1197 473 1239 ἔτι
500 1192 655 1249 μᾶλλον
678 1189 753 1251 τὴν
781 1188 996 1247 πάνσοφον
1025 1192 1112 1234 ἔστι
1141 1184 1210 1233 διὰ
1238 1189 1319 1254 τῶν
1347 1190 1473 1245 ἔργων
1502 1185 1634 1230 αὐτῶν
1660 1188 1873 1244 Ιθεωρῆσαι
1895 1182 2094 1243 πρόνοιαν
2113 1188 2188 1230 τοῦ
2207 1184 2372 1231 πάντων

291 1274 470 1339 ἀῤῥήτου
508 1276 684 1336 πατρός,
720 1280 790 1322 καὶ
826 1274 1049 1334 θαυμάσαι
1085 1271 1161 1332 τὴν
1197 1270 1336 1332 ψυχὴν
1363 1269 1591 1331 ἀνθρώπου
1621 1268 1859 1325 δύνασθαι,
1897 1271 2120 1329 ἡγουμένου
2155 1274 2276 1326 Θεοῦ,
2302 1277 2372 1317 καὶ

291 1367 385 1424 περὶ
422 1367 502 1409 τῶν
530 1364 750 1422 οὐρανίων,
789 1363 843 1414 ὡς
871 1357 1062 1414 δυνατὸν,
1090 1359 1375 1417 διαλέγεσθαι.
1437 1358 1583 1401 Ταῦτα
1611 1357 1682 1412 μὲν
1711 1348 1785 1400 οὖν
1818 1354 2024 1414 Φούλβιος
2054 1374 2190 1413 φησιν,
2218 1360 2261 1400 ἐκ
2293 1359 2372 1401 τῶν

290 1454 364 1494 τοῦ
395 1452 540 1506 Νουμᾶ
569 1446 799 1506 ἱστορήσας.
808 1448 884 1499 **)

404 1561 468 1604 At
497 1577 651 1619 magna
681 1563 875 1604 exoritur
905 1559 1154 1608 difficultas,
1195 1571 1320 1613 quae,
1352 1571 1405 1599 an
1438 1570 1538 1598 vera
1567 1555 1736 1598 Numae
1764 1545 1957 1598 infitituta
1986 1556 2141 1598 litteris
2172 1557 2370 1599 mandata

288 1648 339 1689 ad
373 1653 566 1704 posteros
586 1648 876 1703 pervenerint,
907 1647 1055 1687 iubeat
1080 1644 1292 1706 dubitare.
1354 1642 1592 1685 Posteriori
1620 1643 1732 1684 euim
1758 1657 1864 1684 aevo
1893 1643 2051 1698 reperti
2077 1649 2177 1684 sunt
2198 1642 2367 1685 Numae

289 1733 410 1782 libri,
444 1733 517 1787 qui
549 1733 602 1773 ab
632 1732 840 1774 institutis
871 1731 985 1782 eius,
1018 1744 1129 1786 quae
1160 1729 1333 1785 quidem
1360 1728 1818 1788 tum‘observabantur,
1851 1735 1934 1770 tam
1966 1728 2289 1785 discrepabant,
2321 1736 2368 1769 ut

290 1816 564 1872 magistratus
595 1830 668 1858 eos
700 1816 891 1858 comburi
921 1816 1134 1873 iuberent,
1166 1828 1221 1858 ne
1250 1813 1482 1870 religiones
1504 1812 1847 1855 dissolverentur.
1899 1813 1989 1855 Res
2012 1819 2079 1856 est
2098 1816 2366 1871 gravissima:

287 1902 450 1951 idcirco
481 1902 576 1957 ipsa
613 1908 833 1943 auctorum
872 1903 1002 1944 verba
1040 1902 1332 1957 inspiciamus.
1395 1899 1544 1942 Livius
1582 1899 1633 1941 ad
1666 1914 1819 1942 annum
1852 1901 1966 1942 urbis
1990 1900 2095 1943 571:
2147 1901 2237 1950 „In
2262 1918 2369 1959 aqro

288 1988 341 2029 L.
380 1987 568 2035 Petillii,
602 1987 743 2042 inquit
771 1985 898 2039 (XL.
911 1986 1012 2039 29),
1044 1987 1224 2035 scribae,
1257 1987 1333 2028 sub
1366 1986 1583 2033 Ianiculo,
1616 1985 1715 2026 dum
1744 1986 1927 2027 cultores
1958 1987 2057 2043 ayri
2087 1986 2220 2028 altius
2251 1988 2367 2029 moli-

288 2080 422 2114 untur
451 2080 633 2120 terram,
673 2072 782 2114 duae
812 2073 1005 2128 lapideae
1034 2087 1184 2121 arcae,
1225 2080 1398 2113 octonos
1424 2073 1567 2128 ferme
1597 2071 1729 2127 pedes
1765 2072 1938 2129 lonqae,
1979 2080 2208 2128 quaternos
2237 2072 2365 2118 latae,

290 2160 483 2199 inventae
524 2164 644 2207 sunt,
689 2158 900 2214 'operculis
939 2158 1113 2214 plumbo
1159 2158 1379 2199 devinctis.
1451 2157 1633 2197 Litteris
1670 2157 1844 2199 Latinis
1887 2158 2148 2215 Graecisque
2186 2160 2370 2214 utraque

289 2257 396 2283 arca
426 2243 639 2299 inscripta
669 2250 787 2293 erat;
832 2244 876 2284 in
908 2244 1048 2284 altera
1079 2242 1265 2285 Numam
1297 2242 1559 2299 Pompilium
1591 2242 1827 2298 Pomponis
1844 2243 2008 2298 filium,
2043 2258 2177 2300 reyem
2210 2244 2367 2285 Roma-

289 2344 454 2377 norum,
487 2328 694 2384 sepultum
724 2343 821 2376 esse,
856 2330 900 2369 in
930 2329 1071 2369 altera
1101 2328 1233 2369 libros
1264 2327 1433 2369 Numae
1449 2328 1659 2384 Pompilii
1688 2329 1832 2369 inesse.
1895 2327 1986 2369 Eas
2015 2343 2163 2377 arca-5,
2197 2344 2290 2370 cum
2320 2344 2370 2370 ex

288 2416 521 2456 amicorum
550 2416 760 2456 sententia
790 2416 982 2456 dominus
1012 2415 1262 2471 aperuisset,
1296 2429 1406 2470 quae
1437 2415 1608 2456 titulum
1637 2416 1797 2472 sepulti
1827 2415 1937 2472 reqis
1968 2414 2192 2463 habuerat,
2226 2416 2368 2457 inanis

289 2502 482 2548 ἰιιυιῖητα,
528 2501 618 2542 sine
649 2501 735 2543 ullo
765 2502 941 2559 vestiyio
972 2501 1166 2557 corporis
1198 2500 1373 2542 humani
1403 2507 1481 2542 aut
1514 2501 1644 2542 ullius
1674 2502 1748 2550 rei,
1780 2516 1864 2557 per
1896 2501 2030 2541 tabem
2065 2508 2129 2542 tot
2159 2517 2366 2543 annorum

405 2709 443 2753 ⁴⁸⁵)
478 2707 589 2743 Nieb.
617 2708 648 2742 I.
674 2710 747 2743 304
773 2718 853 2754 sqq.
906 2709 1006 2745 Plut.
1037 2709 1147 2744 Num.
1176 2720 1209 2744 c.
1238 2712 1294 2745 18.
1323 2713 1381 2746 19.
1432 2711 1627 2746 Censorin.
1653 2722 1685 2745 e.
1713 2714 1767 2746 18.
1797 2713 1852 2746 13.

381 2800 441 2844 **)
475 2797 630 2832 Fulvius
665 2797 858 2843 Nobilior,
893 2800 1004 2839 Ennii
1040 2800 1227 2847 aequalis,
1265 2800 1328 2846 qui
1355 2800 1519 2835 omnium
1548 2801 1800 2838 Romanorum
1837 2803 1979 2848 primus
2012 2803 2207 2838 Fastorum
2231 2802 2367 2838 librum

475 2873 604 2919 edidit,
632 2874 781 2910 Numae
806 2875 845 2909 in
868 2874 915 2910 iis
941 2876 1093 2922 saepius
1118 2876 1344 2912 mentionem
1371 2876 1469 2911 fecit.
1522 2877 1578 2913 Cf.
1606 2878 1651 2914 A.
1670 2878 1822 2914 Krausii
1847 2878 1960 2914 Vitae
1985 2882 2022 2914 et
2047 2878 2273 2923 Fragmenta
2299 2891 2365 2915 ve-

474 2955 594 2995 terum
621 2949 893 2988 Historioorum
922 2951 1188 2990 Romanorum.
1216 2953 1343 2991 Berlin
1373 2955 1476 2991 1833.
1503 2964 1539 3000 p.
1569 2956 1650 2991 125.
1701 2954 1805 2991 Fasti
1829 2954 1980 3001 publici,
2006 2965 2100 3002 quos
2127 2956 2198 2992 Cn.
2215 2957 2367 2993 Flavius

474 3027 519 3062 Α.
547 3025 596 3063 U.
622 3028 693 3062 449
730 3026 833 3063 circa
858 3026 980 3063 forum
1003 3027 1043 3064 in
1069 3028 1156 3066 albo
1181 3029 1393 3076 proposuit,
1428 3039 1513 3064 cum
1539 3033 1651 3066 antea
1675 3031 1714 3067 in
1738 3030 1990 3077 penetralibus
2015 3031 2231 3076 pontificum
2256 3044 2366 3078 repo-

472 3102 532 3137 siti
547 3105 684 3146 esseut,
710 3102 858 3138 Numae
882 3102 999 3138 fastos
1024 3114 1092 3149 pro
1110 3104 1351 3142 fundamento
1370 3104 1591 3142 habuerunt.
1645 3107 1809 3154 Apparet
1833 3111 1958 3142 tamen
1985 3117 2050 3143 eos
2076 3107 2189 3144 fuisse
2206 3113 2364 3143 mutatos

472 3187 494 3212 a
520 3178 652 3216 Servio
676 3178 809 3224 Tullio,
836 3179 991 3217 sortasse
1016 3178 1129 3217 etiam
1156 3180 1205 3217 ab
1229 3180 1319 3227 ipsis
1343 3180 1594 3227 pontificibus.
