2940 3691
1199 317 1265 328 ,-
1329 293 1401 339 w
1468 316 1535 324 .-

444 434 515 479 Ita
541 434 835 491 intelligimus,
861 428 961 472 fieri
987 425 1201 484 potuisse,
1245 429 1293 467 ut
1320 424 1462 481 plebis
1481 423 1578 466 ‘iam
1608 421 1794 465 Romulo
1832 426 2040 478 regnante
2075 418 2236 463 mentio
2265 416 2403 462 fieret,

329 526 379 563 ut
405 520 593 579 populus·
607 496 844 564 *nonnus
873 515 917 557 in
946 512 1208 559 solemnibus
1236 509 1432 554 formulis
1467 524 1494 552 a
1521 508 1684 552 maiore
1719 513 1840 564 parte
1876 504 2165 565 appellaretur
2194 502 2407 558 Quiritem

330 613 375 650 et
409 609 445 650 si
480 605 586 664 quid
621 615 723 646 oum
758 600 922 643 exteris
957 597 1204 646 nationibus
1238 595 1553 652 pacisceretur,
1584 594 1668 638 boc
1696 594 1844 650 populi
1874 591 2065 656 Βομυί
2095 598 2141 633 et
2170 589 2408 642 Quiritium

327 685 890 747 nomine-'pronuntiaretun
950 683 1035 727 Ius.
1056 686 1202 742 autern
1237 678 1366 722 civile
1403 684 1540 724 totum
1578 691 1678 722 cum
1714 678 1778 720 ius
1817 650 2055 755 Ωαίὔιιί
2093 677 2153 719 sit
2189 692 2406 736 nuncupa·

328 785 438 828 tum,
470 776 552 818 hoc
582 788 667 817 non
696 773 780 817 nisi
809 772 866 814 de
894 770 988 812 eius
1017 767 1206 824 origine,
1248 780 1274 808 a
1303 764 1480 808 Sabinis
1509 763 1763 826 repetenda,
1786 763 1991 820 --intelligi
2021 768 2180 820 potest.
2244 763 2404 806 Omnes

329 862 444 904 enim
474 862 546 918 qui
576 865 730 918 postea
756 859 802 899 in
818 855 1052 904 civitatem
1079 857 1181 894 sunt
1207 852 1395 908 recepti,
1437 851 1617 893 eandem
1652 851 1943 894 conditionem
1972 851 2086 892 nacti
2116 854 2241 898 sunt,
2279 863 2404 904 quam

330 952 419 990 tum
460 946 626 990 medius
679 941 855 1001 quidam
906 940 1139 999 primorum
1179 936 1435 991 Quiritium*
1460 936 1580 979 ordo.
1662 935 1817 994 Itaque
1871 950 1952 979 usu
2007 937 2146 988 venit,
2203 941 2273 987 ut,
2335 937 2408 992 qui

329 1032 492 1089 publici
519 1032 626 1076 iuris
654 1027 827 1091 uinculo
856 1032 980 1072 eraut
1008 1025 1250 1076 coniuncti,
1288 1024 1441 1068 eodem
1469 1024 1598 1067 etiam
1626 1024 1721 1066 iure
1749 1024 1919 1080 privato
1949 1023 2234 1075 uterentur.*)
2293 1022 2403 1064 Inde

328 1118 396 1162 ius
421 1094 635 1174 piivatum
659 1113 938 1171 patriciorum
958 1102 1179 1177 efflabis,
1211 1115 1441 1168 postquam
1466 1115 1698 1166 >aequatum
1728 1114 1807 1161 est,
1839 1109 1932 1151 sive
1962 1108 2131 1165 legibus
2160 1108 2246 1150 iam
2277 1108 2406 1164 regiis

327 1204 419 1245 sive
454 1199 684 1264 duodecim
719 1199 890 1241 demum
925 1182 1082 1255 tabulis
1118 1196 1281 1239 factum
1317 1201 1405 1247 est,
1457 1200 1593 1238 totum
1630 1210 1657 1237 a
1690 1201 1812 1251 parte
1851 1195 2081 1252 principali
2122 1195 2226 1237 iuris
2258 1193 2405 1246 Qniri-

327 1287 434 1336 tium
468 1300 624 1329 nomen
661 1286 851 1329 retinuit.
995 1274 1007 1286 Ν
1120 1332 1124 1335 ,
1165 1297 1266 1325 vero
1303 1283 1408 1324 iuris
1446 1282 1602 1338 privati
1632 1271 1797 1338 partem
1827 1281 2003 1324 Sabinis
2034 1281 2203 1329 deb-i,
2242 1287 2404 1322 certum

328 1376 418 1421 est;
448 1372 607 1415 etenim
638 1385 750 1427 quae
779 1372 834 1413 de
862 1346 1042 1430 rudibus
1069 1368 1260 1423 ferisque
1289 1381 1438 1410 eorum
1466 1367 1654 1409 moribus
1684 1367 1923 1417 traduntur,
1957 1380 2055 1408 cum
2075 1366 2193 1422 legis
2225 1366 2403 1407 actioni-

329 1459 408 1500 bus
447 1450 755 1514 antiquissimis
795 1457 968 1500 omnino
1010 1453 1254 1510 congruunt
1285 1453 1452 1507 (SerV.
1483 1453 1537 1496 ad
1568 1452 1695 1510 Virg.
1727 1452 1837 1496 Aen.
1870 1451 2014 1495 VIII.
2058 1466 2099 1494 v·
2141 1450 2267 1502 637).
2338 1452 2407 1494 Ita

328 1542 535 1585 iudicium
565 1541 887 1591 centumvirale,
920 1525 1042 1591 cuius
1072 1540 1244 1597 insigne
1274 1544 1368 1582 erat
1397 1538 1532 1588 hasta,
1563 1552 1589 1580 a
1618 1537 1788 1581 Sabinis
1818 1537 1959 1595 quiris
1987 1543 2235 1594 nuncupata
2263 1537 2404 1588 (Fest.

327 1642 361 1669 s.
396 1642 436 1669 v.
471 1626 680 1680 Quirinus
710 1644 755 1685 p.
785 1628 910 1678 217),
950 1640 1187 1682 omnesque
1215 1631 1337 1685 actus
1367 1624 1568 1681 legitimi,
1600 1625 1644 1666 in
1682 1625 1834 1680 quibus
1875 1624 1997 1666 hasta
2033 1623 2339 1673 adhibebatur,
2379 1640 2403 1667 a

326 1709 499 1754 Sabinis
529 1717 630 1755 sunt
658 1713 898 1770 repetendi.
960 1710 1168 1755 Eiusdem
1198 1711 1377 1768 originis
1413 1725 1568 1754 censeo
1604 1723 1700 1753 esse
1737 1714 1869 1751 totum
1911 1709 1975 1751 ius
2014 1708 2215 1758 dominii,
2268 1710 2404 1752 vindi·

326 1799 486 1839 ciarum
514 1798 633 1841 litem
664 1805 710 1842 et
739 1804 930 1841 veterem
957 1799 1001 1840 in
1025 1798 1098 1840 vius
1128 1796 1312 1841 vocandi
1343 1811 1480 1839 usum.

439 1884 489 1926 Si
520 1885 633 1942 apud
666 1885 850 1931 Sabinos
882 1885 986 1926 ordo
1015 1884 1232 1935 hominum
1262 1887 1381 1932 erat,
1434 1884 1507 1937 qui
1547 1883 1733 1923 medium
1774 1888 1942 1922 teneret
1976 1884 2088 1924 inter
2125 1886 2331 1938 patricios
2363 1892 2406 1926 et

324 1968 520 2018 clientes,
553 1983 695 2026 neque
724 1969 906 2040 Qplius
937 1969 1233 2011 difficultatem
1263 1968 1458 2024 praebet,
1490 1967 1619 2023 quod,
1652 1981 1749 2009 cum
1778 1965 1952 2023 Appius
1983 1967 2192 2010 Claudius
2222 1968 2405 2012 Romam

323 2055 565 2108 migrasset,
597 2056 734 2113 inque,
760 2043 981 2097 civitatem
1010 2059 1126 2097 esset
1155 2059 1373 2111 receptus,
1405 2053 1530 2096 simul
1560 2052 1676 2110 plebi
1696 2059 1785 2095 tota
1802 2055 1940 2096 tribus
1960 2060 2027 2096 est
2046 2054 2207 2105 addita,
2240 2072 2266 2099 a
2296 2058 2405 2100 duce

325 2139 510 2183 Claudia
538 2139 778 2198 appell*;
818 2141 904 2182 imo
935 2139 1014 2182 hac
1044 2139 1140 2195 ipsa
1168 2153 1231 2188 re,
1272 2138 1388 2194 quod
1419 2139 1682 2185 coniecimus
1713 2139 1766 2181 de
1796 2139 1934 2195 plebis
1965 2131 2141 2197 origine·
2163 2142 2231 2183 vel
2263 2145 2405 2198 potius

324 2239 349 2266 e
378 2209 650 2291 tenebris-,Q
673 2226 813 2268 lucem
841 2225 1108 2283 protraxisse
1138 2225 1261 2267 nobis
1292 2225 1508 2275 videmur,
1548 2225 1700 2268 fortius
1737 2226 1865 2267 etiam
1903 2225 2148 2269 affirmatur.
2211 2227 2403 2271 Clientes

324 2311 437 2353 enim
478 2324 530 2353 eo
569 2315 762 2367 tempore
802 2312 845 2352 in
884 2311 1077 2352 tribubus
1120 2310 1309 2352 nondum
1352 2311 1510 2361 fuisse,
1557 2324 1582 2352 a
1612 2309 1853 2352 Niebuhrio
1897 2311 2123 2367 probatum
2168 2315 2403 2370 accipimus

324 2393 382 2446 (Ι.
413 2395 502 2437 654
530 2399 660 2452 sqq.).
722 2395 794 2439 Ita
825 2396 938 2438 Livii
969 2394 1139 2461 quidet&
1267 2395 1359 2453 ‘atio
1388 2394 1475 2450 (Π.
1509 2395 1581 2446 16)
1609 2408 1766 2451 magna
1794 2394 2046 2437 difficultate
2075 2395 2255 2447 laborat,
2295 2414 2404 2455 quae

323 2480 459 2532 tribus
489 2482 747 2524 mentionem
776 2480 912 2534 faeiat
940 2486 985 2524 et
1013 2481 1096 2524 trib
1125 2461 1136 2467 η
1229 2464 1489 2533 '‘fnovfforum,
1530 2495 1603 2523 eos
1635 2495 1736 2524 vero
1767 2495 1792 2523 a
1822 2480 2052 2523 clientibus
2089 2496 2173 2524 non
2213 2483 2401 2526 diversos

322 2559 471 2616 fuisse,
503 2565 613 2609 male
642 2566 836 2609 affirmet.
899 2564 1042 2619 Quam
1071 2543 1368 2617 difficultatem
1393 2571 1442 2610 ut
1460 2566 1662 2619 solveret,
1686 2566 1730 2620 N
1733 2566 1951 2610 iebuhrius
1972 2566 2032 2620 (I.
2048 2567 2153 2619 621)
2183 2571 2403 2612 contendit

325 2651 481 2694 tribum
513 2650 759 2693 vicesimam
791 2652 970 2708 primam
1000 2666 1084 2694 non
1114 2665 1212 2694 esse
1241 2650 1487 2701 Claudiam,
1520 2652 1597 2695 sed
1623 2651 1976 2710 Crustumeriam.
2037 2652 2125 2695 Sed
2157 2655 2405 2698 coniectura

324 2737 494 2778 omnino
526 2750 610 2778 non
641 2744 708 2779 est
737 2751 866 2792 opus;
910 2738 979 2780 hic
1010 2753 1183 2794 quoque
1213 2738 1391 2781 Servius
1423 2739 1586 2781 auxilio
1617 2745 1706 2790 est,
1745 2740 1818 2795 qui
1849 2738 1901 2780 ad
1935 2737 2114 2794 Virgilii
2143 2738 2303 2790 locum,
2348 2743 2405 2784 de

323 2836 408 2878 quo
438 2820 641 2870 diximus,
673 2821 838 2878 profert
866 2824 997 2866 etiam
1027 2824 1153 2867 haec:
1214 2823 1436 2874 „Clausus
1456 2824 1717 2867 Sabinorum
1745 2824 1834 2865 dux
1853 2830 1957 2878 post
1976 2830 2144 2865 exactos
2168 2837 2287 2880 reyes
2311 2840 2404 2866 cum

322 2908 508 2964 quinque
543 2907 730 2949 millibus
765 2907 967 2963 clientum
1004 2916 1045 2950 et
1085 2910 1374 2980 amicorum
1412 2909 1593 2951 Romam
1632 2911 1750 2951 venit
1786 2917 1827 2949 et
1865 2914 2084 2963 susceptus
2122 2907 2401 2950 habitandam

315 2999 490 3047 partem
521 2989 640 3032 urbis
668 2991 854 3046 accepit:
884 3005 935 3031 ex
955 3006 1041 3048 quo
1064 2975 1254 3035 Claudia
1273 3002 1314 3035 et
1335 2995 1473 3036 tribus
1499 3002 1562 3036 est
1581 3001 1622 3035 et
1629 2994 1814 3051 familia
1845 2993 2115 3034 nominata.“
2179 2992 2268 3044 Qui
2290 2997 2399 3035 enim

1032 3058 1050 3078 ἰ

391 3124 429 3169 *)
464 3123 694 3166 Discrimen‚
737 3122 842 3169 quod
881 3121 1026 3158 obtinet
1056 3123 1155 3160 inter
1191 3126 1381 3162 civitatem
1417 3124 1627 3161 Romanam
1661 3130 1700 3161 et
1729 3125 1785 3159 ius
1821 3122 2045 3166 Quiritium,
2087 3124 2195 3160 docte
2227 3125 2401 3169 exposuit

463 3185 580 3222 Andr.
607 3186 682 3224 Gn.
708 3187 919 3223 Cramerus.
970 3185 1093 3222 Kiliae
1121 3189 1227 3224 1803.
