2940 3691
298 393 399 451 fuit
427 390 609 450 diliqem
635 384 1075 457 (Serviffls'l'ullius),
1119 388 1216 445 qui,
1257 402 1352 430 cum
1392 386 1618 446 locupletes
1654 398 1894 431 ASSIDUOS
1929 387 2184 444 appellasset
2213 386 2268 429 ab
2297 402 2392 429 aere

309 476 474 529 dando,
512 491 600 527 eos,
616 490 725 535 qm
751 480 832 522 aut
866 488 965 516 non
977 472 1097 546 plus
1117 472 1231 515 mille
1266 473 1542 530 qmnqentum
1569 474 1707 522 aeris,
1746 480 1824 516 aut
1854 472 2025 516 omnino
2053 473 2166 514 nihil
2193 474 2239 514 in
2267 486 2388 514 suum

309 576 490 613 censum,
513 567 699 632 practer
726 565 872 617 caput,
904 544 1167 609 attulissent,
1200 567 1545 602 PROLETARIOS
1573 559 1823 619 nominavit,
1856 565 1906 601 ut
1936 573 1989 612 cx
2016 547 2077 605 ιιι
2090 573 2215 617 quasa
2206 558 2390 615 proles,

309 649 359 692 id
384 656 447 693 est
474 646 601 707 quasi
621 647 869 706 μειρακίω,
911 645 1104 690 civitais
1130 643 1381 702 &metari
1418 633 1671 688 videretur?
1676 643 1747 696 ‘*)
1811 642 1914 688 Alia
1943 644 2153 686 eiusmodi
2185 645 2393 688 vocabula

310 739 411 777 sunt
440 743 502 776 NI
533 743 651 783 QUIS
678 743 869 777 schlr.
931 729 1061 788 Haec
1091 730 1207 772 euim
1235 728 1437 786 leguntur
1466 730 1579 787 apud
1613 727 1789 771 Festum
1819 731 1873 781 (s.
1903 729 1946 775 h.
1980 744 2019 771 v.
2051 744 2095 787 p.
2110 729 2234 780 185):
2296 742 2389 779 „M

313 830 433 870 QUIS
460 829 633 861 SCIVH·
673 819 872 864 centuria
907 823 989 864 est,
1032 829 1144 872 quae
1173 815 1338 857 dicitur
1372 830 1401 857 a
1431 815 1583 858 Servio
1619 814 1759 857 Tullio
1789 829 1885 871 reqe
1912 816 2147 857 constituta
2162 849 2172 864 ,
2220 817 2265 858 in
2304 832 2390 872 qua

314 905 461 946 liceret
505 904 764 963 suffraqium
793 905 945 961 serre,
996 903 1073 959 qui
1109 917 1194 942 non
1232 901 1399 943 tulisset
1435 902 1483 943 in
1519 916 1618 950 sua,
1669 917 1716 942 ne
1746 901 1843 957 quis
1881 901 2036 963 civium
2063 902 2265 958 suffraqii
2295 904 2388 944 iure

306 990 581 1048 privaretur.
620 989 759 1033 Nam
788 990 1005 1033 sciscito
1033 989 1252 1048 significat
1280 988 1445 1030 dicito
1483 1002 1535 1029 ac
1563 987 1890 1046 suffrayium
1908 988 2085 1043 ferto,
2138 988 2247 1028 unde
2275 989 2387 1029 scita

303 1074 456 1132 plebis,
488 1074 564 1117 sod
590 1075 637 1118 in
665 1090 715 1118 ea
743 1076 941 1119 centuria
960 1088 1092 1133 neque
1108 1081 1301 1118 censetur
1320 1074 1582 1139 quicqan
1577 1083 1726 1154 W
1743 1073 1936 1114 centurio
1948 1074 2224 1129 praeficitur,
2257 1089 2387 1131 neque

307 1157 562 1204 centurialis
581 1167 727 1216 potest
755 1175 861 1222 esse,
908 1161 1015 1218 quia
1049 1175 1167 1203 nemo
1202 1166 1345 1202 certus
1373 1165 1436 1201 est
1464 1159 1554 1201 eius
1564 1155 1812 1204 cathariae.
1875 1157 1978 1199 Est
1993 1164 2133 1200 autem
2172 1169 2232 1200 NI
2271 1170 2338 1208 οι
2343 1170 2389 1199 1s

305 1256 502 1294 sctVIT,
548 1246 653 1288 nisi
689 1247 806 1303 quis
844 1247 1036 1289 scivit.6
1115 1244 1188 1288 Ad
1227 1245 1398 1324 ordines
1437 1245 1654 1287 hominum
1671 1242 1906 1303 regundos
1942 1230 2168 1286 referenda
2205 1244 2386 1286 fortasse

309 1339 375 1374 est
404 1334 533 1375 etiam
563 1332 652 1382 leX,
686 1346 771 1388 qna
799 1332 926 1373 iussit
955 1330 1172 1373 Patricios
1202 1345 1287 1372 non
1317 1331 1402 1372 nisi
1429 1331 1473 1372 in
1505 1329 1696 1387 Patricio
1727 1328 1824 1370 vico
1856 1328 2144 1379 habitare.**)

424 1459 497 1505 De
514 1475 647 1504 ceusu
662 1460 884 1516 lustroque
901 1458 1127 1503 condendo
1147 1458 1386 1516 singulares
1407 1457 1511 1515 ‹pin
1530 1455 1688 1499 fuerint
1705 1456 1841 1514 legeS,
1874 1473 1957 1501 non
1988 1465 2056 1501 est
2084 1458 2385 1503 dubitandum:

307 1549 349 1589 in
375 1547 530 1602 quibus
560 1549 664 1604 quid
696 1548 751 1591 de
780 1548 958 1590 civitate
987 1546 1282 1616 libertinolrum
1313 1545 1371 1587 sit
1395 1549 1686 1602 praeceptum,
1718 1543 1964 1588 discernere
1981 1559 2095 1588 nunc
2117 1546 2289 1602 quidem
2302 1561 2387 1589 non

305 1632 457 1682 ausim,
489 1647 747 1690 quamquam
777 1648 862 1676 non
892 1634 1065 1675 omuino
1095 1620 1551 1688 negaverim'f'issiquid
1583 1629 1637 1672 de
1666 1627 1756 1675 iure
1784 1632 2137 1675 manumissorum
2168 1646 2263 1676 esse
2286 1647 2386 1675 con-

304 1721 514 1761 stitutum.
577 1716 705 1769 Quae
725 1718 806 1760 hoc
824 1718 922 1760 loco
942 1733 968 1760 a
982 1718 1191 1773 Dionysio
1213 1722 1515 1767 memorantur,
1532 1717 1614 1758 nisi
1635 1708 1872 1773 peculiares
1895 1718 1949 1760 de
1970 1733 2101 1760 censu
2121 1718 2384 1760 instituendo

301 1803 476 1845 fuerunt
513 1802 751 1856 libri,***)
779 1818 838 1846 ex
869 1804 1026 1846 tabulis
1056 1805 1262 1846 censoriis
1293 1818 1390 1858 esse
1418 1804 1557 1859 petita
1585 1808 1781 1857 possunt,
1815 1803 1866 1844 ad
1900 1818 2004 1858 quas
2025 1802 2384 1859 provocatVarro

301 1887 373 1943 (L.
408 1887 460 1929 L.
489 1924 497 1941 ,μ
541 1887 584 1937 I.
614 1887 717 1940 86),
761 1902 1018 1945 quamquam
1050 1903 1134 1930 non
1165 1890 1208 1930 in
1239 1904 1309 1931 me
1339 1873 1601 1947 ffleperim,
1646 1889 1716 1929 has
1754 1889 1870 1944 ipsas
1902 1889 2016 1944 apud
2045 1888 2286 1930 Varronem
2318 1904 2381 1929 re-

302 1959 486 2029 liquias'··1

512 2017 514 2019 ,
616 1972 760 2014 Servii
789 1972 938 2015 Tullii.

415 2088 488 2142 Ab
529 2087 682 2131 eodem
719 2087 938 2145 profectos
978 2103 1075 2133 esse
1113 2090 1440 2132 commentarios
1471 2089 1734 2138 consulares,
1774 2102 1954 2144 quorum
1992 2089 2252 2131 mentionem
2281 2089 2385 2131 facit

301 2175 416 2217 idem
446 2173 589 2216 Varro
618 2173 674 2228 (ξ.
705 2172 801 2227 88),
833 2174 935 2215 inde
964 2174 1169 2224 conficio,
1202 2175 1333 2231 quod,
1365 2181 1541 2217 auctore
1571 2174 1694 2217 Livio
1726 2173 1783 2226 (Ι.
1814 2174 1905 2225 60),
1943 2175 2069 2230 primi
2100 2174 2297 2216 consules
2327 2189 2383 2216 ex

300 2259 615 2302 commentariis
645 2258 787 2301 Servii
817 2259 952 2301 Tullii
982 2261 1168 2303 comitiis
1199 2262 1451 2303 centuriatis
1482 2262 1614 2303 creati
1647 2267 1754 2316 sunt.
1817 2260 1907 2312 Qui
1938 2262 1980 2301 in
2012 2260 2204 2315 reliquiis
2235 2262 2382 2302 horum

300 2346 699 2390 commentariorum
730 2346 844 2404 apud
876 2346 1119 2390 Varronem
1148 2353 1437 2390 memorantur
1466 2347 1654 2422 iudices,
1644 2362 1800 2415 mcum,
1833 2348 1949 2404 quod
1979 2349 2126 2398 sciam,
2158 2354 2311 2404 postea
2340 2349 2381 2389 in

299 2432 484 2473 comitiis
514 2431 677 2474 nullum
707 2433 930 2489 negotium
958 2433 1185 2482 haberent,
1235 2448 1309 2475 eos
1341 2448 1437 2476 esse
1467 2418 1672 2491 suspicor,
1705 2449 1811 2489 quos
1842 2433 2020 2479 Servius
2051 2435 2288 2476 instituisse
2317 2434 2378 2474 di-

298 2518 411 2559 citur
438 2515 590 2568 (Dion.
624 2518 709 2561 IV.
740 2519 836 2574 25).
878 2524 960 2563 τῶν
987 2519 1059 2575 μὲν
1088 2523 1147 2570 εἰς
1180 2516 1226 2562 τὸ
1254 2515 1395 2563 κοινὸν
1430 2516 1635 2578 φερόντων
1663 2516 1918 2576 ἀδικημάτων
1947 2516 2073 2576 ᾳῦτὸς
2103 2522 2278 2571 ἐποιεῖτο
2307 2515 2381 2568 τὰς

298 2598 555 2659 διαγνώσεις,
596 2605 676 2674 τῶν
712 2603 757 2647 δὲ
785 2603 998 2649 ἰδιωτικῶν
1028 2599 1193 2654 ἰδιώτας
1219 2600 1361 2655 ἔταξὲν
1398 2602 1504 2647 εἶναι
1533 2603 1749 2666 δικασιάς,
1791 2600 1911 2662 ὅρους
1940 2604 2082 2657 αὐτοῖς
2111 2607 2179 2648 καὶ
2206 2601 2380 2654 κανόνας

297 2683 436 2745 τάξας,
463 2703 535 2737 ους
563 2684 687 2737 αὐτὸς
715 2690 871 2744 ἔγραψε
898 2685 1059 2744 νόμους.
1127 2683 1260 2739 Sunt,
1316 2688 1391 2743 qui
1434 2688 1505 2730 hic
1544 2690 1765 2745 originem
1786 2689 1937 2733 iudicii
1976 2686 2291 2734 centumviralis
2333 2701 2382 2729 se

296 2771 509 2828 reperisse
550 2770 743 2813 credant.
806 2771 1022 2828 Equidem
1059 2773 1367 2829 centumviros,
1423 2774 1507 2815 nisi
1544 2774 1688 2831 prius,
1734 2772 1908 2817 Numae
1952 2774 2118 2831 legibus
2158 2774 2380 2815 institutos

415 2966 454 3011 *)
489 2963 545 3000 Cf.
573 2964 767 3011 Sosipater
781 2964 976 3001 Charisius
1001 2965 1024 3001 Ι.
1042 2966 1072 3001 Ι.
1100 2969 1196 3012 p.38
1222 2966 1376 3002 Putsch.
1428 2966 1590 3003 Gellium
1604 2966 1716 3003 XVI.
1736 2970 1792 3003 10.
1844 2967 1945 3002 Fest.
1969 2977 2001 3002 s.
2028 2979 2063 3003 v.
2090 2967 2279 3006 Assiduus
2295 2978 2330 3011 p.
2341 2969 2375 3001 9.

391 3052 452 3099 *“)
486 3053 621 3090 Festus
646 3066 676 3091 s.
703 3065 738 3089 v.
767 3053 955 3091 Patricius
981 3054 1086 3092 vicus
1111 3066 1148 3102 p.
1178 3059 1257 3094 12⁰.

368 3139 451 3187 **')
486 3141 541 3178 Eo
567 3144 723 3180 sortasse
747 3143 910 3190 pertinet
934 3144 999 3180 lex
1025 3119 1207 3182 censori}
1232 3147 1333 3192 apud
1361 3147 1518 3183 Festum
1545 3159 1574 3184 s.
1602 3159 1635 3183 v.
1665 3146 1820 3183 Produit
1845 3157 1882 3190 p.
1911 3148 1993 3182 202.
