2940 3691
956 0 1085 54 ,πα
1098 0 1174 45 ιρι
1188 1 1191 4 ,

1000 67 1007 73 .
1037 78 1048 93 i
1068 52 1090 71 ’ὸ
1121 68 1124 71 .
1180 48 1182 50 ’

1400 223 1404 226 .
1744 229 1746 231 s
1813 229 1821 239 ,
2466 214 2485 242 ι

1327 294 1396 305 ..-
1460 274 1497 318 2
1561 285 1658 306 ...-

432 401 575 460 ipsum
611 374 879 462 repugnasse
915 367 1209 457 oontddere
1215 401 1374 453 ausim,
1416 401 1527 450 adeo
1555 415 1642 445 non
1677 400 1912 461 diligenter
1939 401 2076 446 fuisso
2102 361 2360 467 versatum
2346 402 2392 445 in
2421 415 2518 460 gra·

433 486 618 530 vissimis
654 487 890 538 nonnullis.
932 488 1008 545 qui
1045 487 1148 552 huic
1180 487 1246 531 rei
1273 486 1414 532 lucem
1444 485 1688 536 affundant,
1716 485 1838 530 loeis
1879 492 2072 533 veterum
2113 487 2370 545 scriptorum
2414 500 2518 531 enu-

435 570 654 623 cleandis,
697 578 746 616 ut
782 573 896 615 iusto
942 548 1125 670 be*
1131 587 1273 618 rerum
1315 553 1453 616 iudici
1489 585 1660 632 ψει-φ
1698 570 1754 616 de
1791 571 1886 616 eius
1926 573 2112 631 quadam
2150 572 2318 618 incuria
2350 572 2518 629 ¹pullam

435 673 727 702 remansuram
755 673 851 702 esse
881 647 1210 730 dubitfflonem.

553 743 642 788 Sed
682 757 751 807 ιιειΙ
773 744 871 802 quis
900 722 1189 814 au'dan
1222 756 1293 787 me
1329 748 1475 802 putet,
1517 757 1646 801 quam
1672 742 1828 787 deceat
1855 757 1952 787 esse
1981 756 2102 792 eum,
2144 744 2219 799 qui
2247 745 2432 800 primum
2463 743 2520 784 de

436 843 578 873 rerum
608 827 905 872 Romanarum
937 828 1184 886 cognitione
1212 827 1388 886 publice
1417 827 1615 879 disserat,
1646 827 1779 885 idque
1808 832 1959 872 contra
1988 829 2124 872 virum
2153 842 2345 873 summae
2373 835 2518 874 aucto·

437 913 592 964 ritatis,
623 913 708 957 iam
735 928 1015 971 praemonere
1042 915 1177 968 atius
1207 918 1277 957 est
1303 913 1460 969 visum,
1488 912 1731 970 mepotius
1760 913 1971 957 rationem
1999 913 2327 971 argumentandi
2351 914 2520 971 impug-

439 1012 565 1050 nare,
597 1013 726 1054 quam
757 998 874 1055 quod
902 999 1105 1043 effectum
1134 1005 1199 1042 est
1226 995 1621 1055 argnmensstione,
1638 1013 1722 1050 *res
1751 1013 1870 1049 vero,
1901 1013 2009 1055 quas
2038 1014 2065 1042 e
2087 999 2281 1057 tenebris
2351 999 2422 1051 ft,
2453 1013 2522 1040 me

444 1098 511 1134 ea,
547 1098 675 1139 quam
703 1083 778 1125 ille
808 1085 992 1142 aperuit,
1024 1085 1097 1126 via
1125 1083 1266 1126 denuo
1296 1089 1610 1140 perscrutatum
1640 1098 1737 1127 esse
1764 1091 1894 1141 atque
1923 1090 2197 1137 retractasse,
2226 1084 2368 1147 neq-pe
2389 1081 2527 1125 nullas

445 1168 620 1225 quidem
655 1167 722 1210 vel
753 1167 798 1209 in
828 1167 1007 1210 dubium
1037 1181 1215 1210 vocasse
1245 1168 1314 1210 vel
1344 1168 1579 1221 refutasse,
1616 1169 1821 1227 plurimas
1850 1184 1978 1222 vero,
2009 1184 2116 1226 quas
2145 1169 2361 1227 attingere
2388 1167 2526 1216 licuit,

444 1254 581 1313 magis
613 1253 782 1297 firmare
811 1253 1052 1306 studuisse,
1091 1258 1142 1298 ut
1167 1254 1266 1305 iam,
1299 1255 1336 1298 si
1365 1269 1452 1298 non
1482 1255 1654 1315 omnmo
1683 1255 1921 1304 stabilitae.
1953 1260 2096 1299 tamen
2132 1233 2359 1300 certiores-
2368 1259 2415 1298 et
2442 1252 2528 1297 cla-

444 1341 581 1383 riores
613 1340 758 1383 sactae
791 1339 1054 1383 viderentur.
1114 1339 1303 1385 Tantum
1333 1342 1477 1393 abest,
1533 1348 1580 1385 ut
1616 1343 1711 1386 eius
1746 1343 1911 1386 meritis
1948 1343 2208 1392 obtrectem,
2249 1347 2317 1392 ut.
2358 1342 2396 1384 si
2426 1340 2528 1396 quid

446 1427 585 1468 bonae
616 1425 753 1482 frugis
784 1425 1016 1482 protulisse
1046 1413 1215 1476 viam
1254 1427 1301 1469 id
1336 1442 1406 1471 me
1441 1428 1504 1470 illi
1534 1432 1762 1484 acceptum
1789 1427 1951 1469 referre
1978 1429 2167 1484 ingenue
2195 1426 2361 1475 fatear

567 1509 726 1567 Itaque
757 1526 853 1554 cum
883 1511 939 1554 de
970 1511 1226 1560 carminibus
1256 1513 1352 1556 istis
1382 1513 1569 1570 antiquis
1602 1512 1847 1562 absolvero,
1895 1512 1952 1554 de
1984 1511 2081 1554 aliis
2118 1511 2356 1554 litterarum
2382 1520 2529 1550 mouu-

450 1597 605 1638 mentis
622 1596 956 1640 illustrantibus
986 1597 1073 1640 illis
1102 1611 1170 1640 res
1193 1602 1346 1667 {ptus
1395 1603 1526 1668 atque
1560 1597 1758 1640 instituta
1785 1609 1938 1653 regum
1967 1594 2284 1646 Romanorum,
2325 1591 2532 1650 imprimis

447 1681 502 1722 de
532 1681 726 1738 ipsorum
757 1682 926 1739 legibus
957 1688 1002 1726 et
1031 1684 1349 1726 commentariis
1379 1660 1529 1742 pesp
1553 1683 1691 1725 fusius
1721 1695 1860 1740 agam.

1461 1897 1527 1968 I.

604 2030 703 2087 De
741 2036 1180 2109 antiquissimis
1219 2033 1627 2089 Romanorum
1662 2032 2030 2089 carminibus
2067 2029 2392 2086 historicis.

569 2147 714 2191 Nemo
754 2151 1136 2203 animadverterat,
1176 2150 1455 2193 Perizonium
1494 2149 1564 2204 (in
1594 2147 2054 2194 Animadversionibus
2084 2144 2301 2188 historicis
2331 2159 2371 2186 c.
2402 2142 2458 2195 6)
2496 2142 2540 2182 in

455 2232 595 2273 lucem
616 2237 884 2289 protraxisse
900 2207 1066 2294 aliquot
1084 2243 1278 2281 veterum
1296 2235 1553 2293 suti'ptorum
1572 2234 1706 2286 locos,
1737 2235 1811 2291 qui
1831 2235 2053 2282 docerent,
2085 2230 2235 2274 ultima
2251 2230 2336 2295 iam
2356 2227 2540 2282 antiqui·

456 2322 547 2359 tate
577 2332 603 2359 a
635 2317 846 2361 Romanis
874 2323 1024 2365 laudes
1053 2323 1269 2371 maiorm
1291 2326 1389 2365 osio
1415 2320 1656 2367 celebratas
1686 2320 1966 2369 carminibus,
2006 2332 2064 2361 ex
2092 2317 2234 2374 iisque
2262 2311 2543 2373 repetendam

461 2401 668 2446 historiae
698 2405 925 2460 originem,
956 2423 1053 2451 cum
1085 2407 1354 2451 Niebuhrius
1387 2408 1450 2461 (in
1481 2408 1621 2463 prima
1650 2405 1876 2449 Historiae
1903 2404 2129 2447 Romanae
2157 2403 2350 2446 editione
2367 2399 2471 2443 Vol.
2502 2398 2542 2441 Ι.

458 2503 503 2545 p.
534 2488 640 2542 178)
680 2489 797 2532 idem
834 2492 1000 2543 statuit,
1039 2492 1134 2536 aliis
1175 2492 1439 2549 argumentis
1479 2491 1658 2541 ductus;
1700 2492 1852 2548 poesin
1889 2492 2003 2533 enim
2039 2491 2085 2533 in
2120 2490 2217 2546 ipsa
2246 2486 2545 2543 antiquissima

456 2572 636 2616 historia
677 2575 875 2632 agnovit,
927 2578 1089 2635 quippe
1133 2592 1244 2634 quae
1282 2578 1460 2635 propius
1508 2576 1739 2620 accederet
1787 2574 1840 2618 ad
1883 2579 2055 2618 ornatas
2097 2572 2323 2631 poetarum
2361 2569 2542 2619 fabulam

458 2672 587 2714 quam
617 2658 672 2701 ad
701 2660 942 2716 priscorum
971 2662 1185 2706 annalium
1215 2662 1501 2706 steriiitatem.

575 2743 688 2787 Cum
719 2745 799 2788 hac
829 2746 886 2789 de
914 2761 963 2790 re
992 2747 1137 2806 plures
1165 2748 1283 2792 litem
1314 2750 1358 2792 ei
1388 2743 1749 2801 intendissent*)‚
1782 2760 1877 2790 eam
1905 2746 1950 2789 in
1981 2743 2172 2790 secundi
2195 2748 2241 2787 et
2259 2742 2387 2785 tertia
2406 2740 2548 2797 operis

460 2831 526 2873 sui
564 2831 757 2875 editione
792 2831 915 2887 (Vol.
947 2832 987 2879 I.
1027 2834 1098 2879 ed.
1127 2833 1159 2880 3
1185 2849 1229 2893 p.
1260 2834 1347 2880 283
1376 2849 1474 2891 sqq.
1534 2832 1638 2877 Vol.
1669 2831 1739 2877 11.
1779 2847 1823 2890 p.
1853 2830 1908 2886 6)
1945 2831 2100 2875 iterum
2129 2830 2173 2871 in
2204 2826 2547 2884 disquisitionem

516 2993 556 3039 ⁶)
608 2993 654 3029 Α.
682 2993 749 3030 W.
774 3005 811 3031 v.
838 2993 1012 3041 Schlegel
1038 2994 1133 3033 Rec.
1159 2994 1431 3043 Heidelberger
1453 2995 1704 3033 Jahrbiicher.
1740 2997 1845 3032 1816.
1881 2994 1955 3031 No.
1980 2995 2041 3030 53.
2075 3004 2156 3038 sqq.
2207 2991 2273 3027 W.
2299 2986 2549 3033 Wacbsnmth

602 3067 666 3105 die
691 3068 807 3107 altere
833 3069 1059 3109 Gescbiebte
1083 3070 1152 3109 des
1178 3070 1404 3110 Romischen
1430 3073 1573 3110 Staats.
1601 3071 1716 3108 Helle
1741 3074 1847 3108 1819.
1882 3083 1920 3116 p.
1949 3073 2006 3106 19.
2057 3068 2120 3104 Fr.
2146 3066 2365 3103 Lachmann
2390 3065 2437 3101 de
2461 3064 2545 3100 son-

605 3143 708 3182 tibus
733 3144 987 3185 Historiarum
1011 3147 1111 3187 Livii
1129 3149 1475 3187 commentationes.
1501 3148 1708 3206 Gottingae
1711 3150 1839 3206 41822.
1876 3147 2020 3182 Comm.
2047 3145 2079 3180 I.
2105 3155 2143 3189 P·
2170 3146 2225 3179 ¹3·
