2940 3691
1323 295 1664 342 -40-

448 427 674 478 censeo*),
718 440 744 469 a
773 424 929 468 Servio
971 431 1115 468 autem
1153 431 1374 492 senatores
1404 438 1502 469 esse
1531 425 1617 489 boc⁴
1641 439 1821 492 mopere
1847 422 2110 495 ³¹¹⁸¹¹l¹0¹39³
2143 427 2208 493 illi
2236 402 2540 489 enims-dign·-

445 516 610 571 tiqnum
654 513 722 556 ius
766 510 1006 604 Quiriti-n
1043 511 1263 569 pertinere
1300 510 1521 562 videntur,
1573 496 1751 554 Servius
1773 523 1911 566 -vqro
1934 497 2231 573 contractuum
2272 502 2348 566 ins
2372 519 2540 576 μὴ.

447 599 675 650 ordinavit,
708 575 844 657 qff'pb
871 597 916 645 id
946 597 1070 639 novis
1100 597 1316 663 iudicibus
1347 607 1441 639 esse
1467 597 1691 646 tributum,
1724 596 1815 640 veri
1843 609 1930 640 non
1960 583 2029 642 est
2054 585 2277 679 dissimilq
2324 601 2539 655 ¹Coton-um

442 685 619 728 minime
650 690 719 728 est
735 675 903 735 mirum,
937 682 1086 725 harum
1113 660 1417 738 affimquae
1446 682 1502 725 de
1530 682 1575 724 in
1606 683 1673 724 ius
1703 682 1899 725 vocando
1928 663 2046 726 latae
2070 695 2209 739 erant,
2232 659 2346 732 v'nihil
2373 671 2538 733 adxnoe

440 771 711 829 pervenisse:
743 768 859 810 duod
1005 768 1120 810 enim
1150 767 1307 809 tabulis
1336 769 1529 819 maxima
1558 781 1616 811 ex
1639 774 1763 825 parte
1792 774 1895 829 sunt
1922 768 2132 814 sublatae.
2290 819 2294 823 -

446 848 449 851 ’
557 857 648 899 Alii
687 860 809 928 actqs
846 836 1030 911 legitimi
1066 854 1122 895 ab
1149 852 1240 919 *hoc
1278 865 1385 910 rege
1425 853 1636 902 instituti,
1676 866 1784 910 quos
1824 868 1851 896 a
1880 835 2093 913 Dionysio
2136 853 2387 909 κανόναςοι
2415 855 2535 919 ὅρους

441 945 681 986 nominatos
712 940 972 1005 repar-ivus,
1015 951 1151 994 usque
1185 937 1239 979 ad
1272 937 1505 981 Iustiniani
1534 946 1730 996 tempora
1757 939 1974 984 observati
2002 946 2127 993 sunt,
2164 942 2379 1000 siquidem
2414 951 2536 992 recte

441 1029 634 1073 creditur
663 1039 806 1076 omne,
838 1023 949 1082 quod
983 1023 1211 1082 gerebatur
1231 1007 1321 1081 =per
1356 1037 1430 1068 aes
1461 1028 1507 1068 et
1534 1023 1686 1069 libram
1716 1025 2029 1084 (mancipatio),
2067 1042 2095 1072 a
2122 1027 2276 1073 Servio
2305 1043 2403 1075 esse
2432 1047 2534 1076 con-

442 1116 655 1158 stitutum.
719 1112 788 1156 Ita
831 1110 1040 1156 iudicavit
1076 1109 1129 1154 C.
1157 1106 1561 1173 Ovis-*Qiillerusflh
1591 1111 1682 1183 'cui
1719 1112 1783 1154 ita
1812 1114 2089 1164 assentimur,
2131 1123 2180 1156 ut
2208 1116 2332 1157 nobis
2362 1116 2537 1172 quidem

442 1200 550 1244 nihil
581 1186 1180 1254 relinquaturtdubitationis,
1207 1176 1399 1237 'testium
1440 1211 1662 1238 numerum
1692 1196 1747 1238 ad
1778 1198 1971 1253 quinque
2000 1199 2161 1242 classes
2191 1216 2288 1244 esse
2318 1183 2537 1259 compara-

442 1296 553 1338 tum,
594 1294 815 1342 totamque
846 1261 1165 1337 institutionem
1201 1298 1303 1324 aere
1340 1284 1514 1348 nixam,
1588 1266 1670 1324 rv'ii
1700 1284 1870 1342 legibus
1900 1299 2155 1344 congruere.
2216 1287 2272 1330 Id
2302 1301 2404 1331 vero
2436 1301 2536 1331 con—

442 1375 599 1416 cedere
630 1387 715 1414 non
746 1385 943 1430 possum,
984 1370 1347 1427 mancipationem
1385 1370 1500 1410 inter
1537 1369 1823 1426 obligationes
1851 1384 1908 1413 ex
1939 1377 2165 1415 contractu
2195 1374 2412 1430 quondam
2441 1388 2538 1419 esse

442 1461 650 1503 habitam:
702 1457 911 1516 peculiari
950 1456 1093 1514 potius
1134 1455 1230 1532 lege
1261 1455 1461 1537 institgta
1490 1456 1547 1498 sit
1577 1462 1768 1514 oportet,
1812 1472 1923 1514 quae
1963 1458 2163 1502 classium
2202 1459 2537 1519 descriptionem

440 1548 683 1605 exciperet.
745 1541 1081 1587 Similitudinem
1121 1540 1293 1602 quidem
1332 1541 1564 1599 emptionis
1603 1548 1648 1585 et
1670 1542 1948 1602 ‚venditionis
1992 1543 2123 1588 babet
2152 1534 2536 1604 mancipatioffsed

439 1630 569 1682 illius,
586 1645 714 1687 quae,
730 1628 906 1688 publica
920 1612 1174 1709 auctoritate
1196 1632 1363 1677 ornata,
1379 1626 1687 1703 &Egationeffn
1702 1643 1786 1672 non
1800 1630 1973 1687 saepius
1986 1630 2226 1683 contrahat,
2241 1648 2369 1690 quam
2383 1634 2535 1678 solvat.

440 1716 514 1760 Ad
553 1716 916 1778 mancipationem
953 1713 1170 1770 pertinent
1210 1727 1280 1756 res
1317 1712 1533 1770 mancipi,
1581 1728 1693 1769 quae
1730 1729 1814 1757 non
1851 1715 1934 1757 nisi
1974 1715 2054 1759 bac
2093 1718 2365 1761 solemnitate
2405 1720 2535 1762 inter-

442 1801 586 1859 posita
622 1817 680 1843 ex
718 1800 810 1842 iure
842 1797 1083 1853 Quiritium
1121 1783 1290 1859 nostrae
1328 1797 1450 1841 fiunt.
1514 1796 1615 1851 Quo
1652 1798 1932 1843 fundamento
1969 1816 2111 1845 rerum
2147 1805 2336 1860 mancipi
2372 1810 2417 1846 et
2455 1820 2536 1848 nec

441 1887 631 1943 mancipi
668 1888 898 1929 discrimen
937 1887 1121 1935 nitatur,
1155 1861 1311 1940 :adhuc
1356 1889 1560 1961 cqffffm'·
1635 1886 1768 1935 Sunt,
1813 1888 1887 1942 qui
1926 1863 2125 1936 credant,
2167 1902 2310 1931 rerum
2349 1891 2537 1948 mancipi

440 1974 798 2016 abalienationem
832 1972 1064 2014 maioribus
1096 1947 1547 2016 difficultatibus'e'sse
1576 1970 1843 2027 impeditam,
1876 1970 1991 2028 quod
2021 1971 2074 2014 ad
2115 1953 2420 2039 agriculffam
2451 1976 2538 2020 sint

439 2059 711 2122 necessariae
737 2058 925 2113 ideoque
952 2071 1058 2113 prae
1079 2057 1232 2100 ceteris
1253 2056 1472 2098 hominum
1492 2071 1596 2113 opes
1630 2056 1696 2099 vel
1716 2056 1952 2099 dominium
1968 2057 2281 2110 efficiantffim)
2339 2059 2536 2113 Quorum

444 2124 563 2200 prius
593 2158 689 2186 cum
721 2143 776 2185 de
807 2142 995 2200 praediis
1028 2142 1198 2185 urbanis
1230 2141 1319 2184 dici
1350 2157 1436 2184 non
1473 2143 1632 2200 possit,
1677 2143 1859 2186 alterum
1896 2142 1951 2186 ad
1988 2143 2144 2186 multas
2180 2144 2310 2188 etiam
2348 2162 2416 2190 res
2455 2163 2536 2191 nec

443 2231 630 2289 mancipi
675 2230 878 2288 quadret,
931 2244 1017 2272 non
1058 2230 1251 2272 omnibus
1295 2229 1402 2272 haec
1443 2230 1659 2272 sententia
1697 2236 1765 2273 est
1802 2232 1998 2289 probata.
2071 2229 2230 2287 Itaque
2266 2221 2537 2275 Niebuhrffis

440 2318 503 2374 (I.
535 2334 577 2375 p.
609 2318 714 2371 503)
752 2331 865 2358 nova
895 2316 1158 2358 coniectura
1177 2320 1402 2357 assecutus
1435 2322 1522 2365 est,
1569 2329 1637 2358 res
1669 2317 1858 2375 mancipi
1886 2313 2023 2359 fuisse
2060 2317 2114 2358 ab
2152 2316 2297 2366 initio,
2340 2330 2453 2372 quae
2491 2320 2536 2361 in

442 2418 619 2447 censum
658 2403 885 2446 caderent:
933 2402 1029 2458 ipse
1059 2406 1203 2446 tamen
1234 2401 1458 2471 cpnfessus
1489 2407 1577 2453 est,
1620 2384 1732 2458 qu⁸ae
1761 2401 1937 2458 quidem
1973 2401 2029 2444 de
2058 2402 2112 2444 iis
2148 2400 2392 2452 tradantur,
2431 2415 2537 2461 auae

440 2487 682 2531 sententiae
704 2487 879 2529 minime
897 2485 1059 2537 favere,
1094 2502 1224 2542 quare
1250 2469 1365 2529 *hanc
1387 2489 1606 2530 notionem
1621 2494 1828 2530 mutatam
1852 2488 2017 2530 statuit.
2080 2487 2278 2529 Pecunia
2300 2488 2429 2538 enim,
2448 2503 2535 2531 me-

440 2574 589 2618 tallum
644 2573 933 2630 quodcunque
981 2573 1089 2616 rude
1136 2569 1262 2629 atque
1307 2588 1468 2630 pecora
1505 2579 1624 2637 certe
1663 2588 1794 2617 censa
1836 2552 1956 2622 sunt,
2001 2587 2218 2629 nunquam
2256 2588 2357 2616 vero
2394 2589 2537 2618 rerum

442 2661 630 2745 manqipi
660 2651 796 2702 fuisse
825 2664 1021 2716 possunt.
1084 2657 1193 2702 Mihi
1224 2659 1399 2716 quidem
1430 2662 1466 2704 si
1497 2641 1603 2724 iubs
1633 2674 1718 2703 non
1750 2659 1948 2703 consulto
1968 2660 2226 2702 sententiam
2247 2659 2394 2710 dicere
2417 2659 2535 2710 licet,

441 2761 509 2790 res
541 2751 627 2790 tam
659 2747 704 2788 in
736 2750 888 2802 aperto
919 2728 1089 2787 videtu'r
1120 2760 1226 2795 esse,
1259 2752 1308 2788 ut
1337 2745 1453 2788 nulla
1483 2731 1655 2790 binnino
1686 2745 1977 2790 reconditiore
2006 2745 2201 2802 indigeat
2226 2743 2535 2801 explicatione.

389 2853 435 2896 ἢ
554 2879 592 2924 *)
624 2877 683 2913 Cf.
720 2887 836 2923 supra
871 2878 904 2923 §.
930 2881 966 2915 2.
1004 2889 1039 2925 p.
1066 2881 1125 2915 36.

533 2953 593 2999 ““)
629 2948 811 2994 Etruske'r
835 2951 870 2992 1.
895 2964 934 3000 p.
960 2957 1044 2991 386.

510 3030 593 3075 vn)
628 3027 964 3066 Ballhorn-Rosen
998 3031 1153 3075 „Ueber
1179 3032 1399 3068 Dominium
1424 3044 1462 3078 p.
1491 3035 1574 3067 110.
1613 3031 1727 3076 Hugo
1753 3031 1931 3077 Rechtsg.
1959 3044 1996 3078 p.
2028 3035 2106 3069 152.
2145 3032 2327 3077 Schilling
2362 3031 2534 3067 Bemerk.

631 3104 726 3140 iiber
762 3105 871 3141 Rom.
909 3106 1088 3153 Rechtsg.
1123 3118 1158 3153 p.
1198 3111 1266 3143 152
1300 3120 1380 3154 sqq.
1435 3107 1521 3143 Hoc
1557 3098 1759 3161 discrimen
1792 3107 1925 3144 merito
1959 3108 2203 3153 Schillingius
2237 3107 2376 3153 aliique
2407 3113 2536 3144 contra

804 2836 866 2843 ——-

629 3181 804 3227 Hugonis
829 3183 1053 3220 sententiam
1081 3183 1204 3230 prisco
1229 3185 1387 3231 tempori
1417 3185 1666 3221 vindicarunt.
