2940 3691
1358 290 1693 336 -40-

483 419 527 460 in
557 398 771 472 integrum
800 417 986 467 restitui,
1017 418 1269 473 praesertim
1300 431 1397 459 cum
1426 425 1704 463 monumenta
1732 433 1904 476 regam,
1936 421 2010 478 qui
2038 421 2079 464 ἃ
2109 429 2424 475 successerunt,
2455 424 2565 467 dies-

484 519 567 561 que
594 503 696 546 festi
725 503 771 545 in
800 504 894 546 eius
923 502 1171 545 memoriam
1198 503 1405 554 instituti,
1442 502 1759 562 ipsadenique
1784 506 1992 558 camina,
2014 521 2142 565 -qnae
2170 507 2263 550 eius
2293 511 2566 554 sanctitatem

482 589 774 638 celebrabant,
804 588 934 654 flgem
962 594 1166 644 augeant,
1197 602 1363 645 nosque
1392 589 1593 644 ἀπῄει-ο
1622 603 1706 633 non
1736 589 1967 648 patiantur.

1408 699 1491 773 ‘§.
1547 713 1597 756 3.

807 811 896 862 De
936 811 1081 862 Tulli
1116 811 1336 863 Hostilii
1369 822 1416 864 et
1451 814 1590 864 Anci
1627 812 1827 862 Marcii
1858 796 2259 864 commentariis*

596 936 694 979 Etsi
724 936 875 979 borum
904 951 1053 993 regum
1083 937 1376 978 commentarii
1418 949 1635 991 nunquam
1678 935 1840 978 diserte
1870 937 2125 989 afferuntur,
2165 954 2308 997 neque
2345 938 2464 995 leges
2495 955 2562 983 sn-

482 1028 681 1080 persnnt,
720 1023 909 1079 ipsorum
941 1022 1083 1064 verbis
1114 1022 1370 1077 expressae,
1411 1026 1554 1063 tamen
1592 1021 1646 1062 ab
1685 1026 1868 1076 utroque
1904 1028 1950 1064 et
1984 1024 2181 1067 instituta
2208 1025 2382 1081 publica
2409 1025 2563 1067 litteris

484 1109 740 1165 consignata
769 1108 923 1157 fuisse,
963 1113 1008 1149 et
1037 1105 1268 1150 Ciceronis·
1287 1105 1524 1161 Tacitique
1554 1111 1696 1148 aetate
1724 1121 1807 1147 non
1839 1108 1967 1149 modo
1996 1115 2189 1159 servata,
2227 1111 2304 1152 sed
2335 1111 2462 1152 etiam
2493 1112 2565 1152 ob-

482 1200 655 1235 servata
682 1193 934 1249 reperimus.
972 1208 973 1211 ¹

600 1276 726 1320 Tullo
756 1278 1025 1334 potissimum
1057 1278 1314 1319 adscribitur
1345 1278 1411 1319 ius
1443 1276 1626 1326 Fetiale,
1659 1280 1867 1332 quantum
1897 1276 1951 1318 ad
1982 1290 2050 1319 res
2081 1279 2340 1334 repetendas
2372 1279 2569 1336 bellaque

484 1363 716 1406 indicenda
746 1364 973 1420 pertineat.
1037 1363 1329 1414 „Constituit,
1363 1364 1502 1419 inquit
1524 1361 1689 1425 eCicero
1718 1363 1793 1417 (de
1823 1361 1939 1419 Rep.
1972 1361 2039 1405 II.
2071 1362 2164 1414 17),
2216 1365 2303 1412 im,
2348 1381 2432 1422 quo
2461 1367 2568 1409 bella

484 1451 778 1493 indicerentur
785 1466 800 1500 ;
848 1449 965 1505 quod
990 1463 1075 1504 per
1109 1463 1152 1490 se
1183 1450 1409 1491 iustissime
1436 1450 1651 1491 inventum
1696 1449 1846 1490 sanxit
1888 1447 2053 1490 Fetiali
2090 1449 2313 1506 religiono,
2367 1457 2415 1491 ut
2452 1467 2569 1494 omne

484 1536 653 1585 bellum,
705 1535 823 1592 quod
854 1535 1153 1577 denuntiatum
1188 1534 1479 1592 indictumque
1515 1550 1598 1576 non
1636 1542 1760 1584 esset,
1811 1535 1861 1576 id
1889 1535 2093 1577 iniustum
2123 1550 2207 1578 esse
2238 1543 2366 1593 atque
2395 1537 2569 1593 impium

484 1621 804 1662 iudicaretur.“
867 1619 970 1662 Hoc
1010 1620 1077 1661 ius
1118 1619 1267 1661 Livius
1306 1633 1480 1675 quoque
1518 1618 1571 1660 ad
1604 1633 1702 1661 eum
1731 1618 1884 1668 refert,
1936 1621 2225 1677 exemploque
2255 1621 2440 1664 illustrat
2470 1623 2570 1665 belli

483 1720 579 1746 cum
613 1705 795 1746 Albanis
826 1706 940 1759 gesti
969 1704 1027 1758 (Ι.
1062 1720 1099 1745 c.
1132 1705 1345 1758 22-24),
1393 1704 1505 1759 quod
1545 1705 1590 1744 in
1620 1704 1745 1745 buius
1775 1705 1889 1760 regis
1921 1706 2236 1747 commentariis
2266 1707 2326 1748 ita
2356 1713 2570 1748 narratum

482 1795 602 1846 puto.
667 1788 789 1831 Idem
819 1789 978 1831 bellum
1010 1790 1266 1833 carminibus
1297 1788 1431 1831 fuisse
1462 1788 1747 1839 celebratum,
1779 1803 1864 1831 non
1895 1794 1976 1839 est,
2008 1789 2123 1845 quod
2152 1804 2381 1845 negemus:
2431 1791 2571 1845 legem

484 1889 587 1916 vero
617 1874 671 1915 de
702 1875 941 1930 trigeminis
972 1874 1146 1932 publice
1177 1874 1341 1917 alendis
1372 1871 1763 1934 invq'fflnmentariis
1793 1876 1908 1931 regis
1938 1874 2097 1923 fuisse,
2144 1875 2276 1930 inque
2315 1872 2408 1917 iure
2439 1874 2570 1931 Papi-

483 1960 603 2001 riano
633 1974 726 2002 esse
757 1958 1009 2016 repetitum,
1059 1973 1111 2001 ea
1142 1958 1194 2001 de
1226 1973 1358 2002 causa
1395 1964 1463 2002 est
1491 1960 1763 2010 sumendum,
1805 1958 1919 2015 quod
1950 1958 2125 2015 publica
2152 1960 2384 2002 auctoritas
2416 1961 2456 2001 ei
2487 1975 2570 2001 non

485 2047 567 2087 nisi
598 2061 653 2088 ex
685 2045 870 2102 publicis
901 2046 1186 2087 monumentis
1218 2046 1399 2087 concedi
1432 2047 1583 2102 potuit.
1646 2045 1881 2101 Dionysius
1919 2059 2107 2101 pugnam
2145 2046 2257 2087 inter
2288 2046 2497 2087 Horatios
2528 2053 2572 2088 et

486 2130 701 2172 Curiatios
734 2132 1018 2181 commissam,
1053 2137 1280 2188 postquam
1311 2131 1559 2187 descripsit:
1583 2127 1700 2172 ’Ἐστι
1728 2129 1788 2182 δὲ,
1817 2131 1958 2185 inquit
1975 2129 2197 2182 (111.22),
2228 2134 2298 2175 καὶ
2326 2127 2449 2192 νόμος
2477 2133 2571 2185 παρ’

484 2215 624 2267 αὐτοῖς
653 2215 704 2261 δι’
736 2219 866 2260 ἐκεῖνο
895 2218 1102 2272 κυρωθεὶς
1132 2213 1178 2260 τὸ
1206 2213 1367 2268 πάθος,
1397 2210 1428 2272 ᾧ
1456 2218 1523 2260 καὶ
1553 2220 1611 2267 εἰς
1640 2215 1708 2271 ἐμὲ
1735 2217 1926 2272 χρῶνται,
1954 2210 2074 2270 τιμὴν
2103 2216 2174 2257 καὶ
2202 2211 2325 2264 δόξαν
2355 2211 2573 2257 ἀθάνατον

485 2309 568 2351 τοῖς
597 2298 794 2359 ἀνδράσιν
824 2304 992 2352 ἐκείνοις
1021 2303 1275 2358 περιτιθεὶς,
1314 2302 1335 2344 ὁ
1367 2298 1564 2353 κελεύων,
1602 2300 1664 2350 οἷς
1703 2295 1755 2342 ἂν
1782 2302 1979 2355 γένωνται
2008 2298 2195 2356 τρίδυμοι
2222 2297 2392 2349 παῖδες,
2428 2301 2471 2341 ἐκ
2500 2300 2573 2341 τοῦ

486 2385 680 2442 δημοσίου
710 2382 785 2436 τὰς
814 2381 968 2442 τροφὰς
996 2388 1077 2429 τῶν
1106 2385 1265 2429 παίδων
1290 2389 1564 2443 χορηγεῖσθαι
1591 2387 1728 2441 μέχρις
1755 2378 1870 2441 ἥβης.
1931 2382 2192 2425 Dirksenius
2210 2382 2382 2438 quidem
2398 2386 2454 2438 (p.
2469 2382 2573 2434 341)

485 2473 669 2521 dubitat,
700 2472 809 2513 hanc
842 2471 983 2527 legem
1014 2460 1143 2512 Tullo
1175 2472 1368 2513 Hostilio
1399 2472 1607 2527 originem
1639 2470 1820 2519 debere,
1861 2469 1950 2509 dici
1989 2469 2103 2509 enim
2133 2468 2176 2507 in
2207 2468 2450 2508 memoriam
2481 2467 2574 2507 eius

484 2561 546 2600 rei
578 2573 674 2600 esse
705 2557 846 2607 latam,
878 2573 963 2599 non
995 2557 1125 2599 Tullo
1157 2564 1354 2614 rogante:
1388 2571 1646 2614 quamquam
1678 2554 1892 2612 quomodo
1923 2553 2079 2595 clarius
2111 2552 2190 2594 hoc
2220 2552 2406 2608 exprimi
2439 2553 2574 2608 possit

483 2659 610 2701 quam
644 2644 709 2684 his
741 2645 901 2685 verbis:
943 2643 992 2686 δι’
1026 2630 1155 2688 §nstro
1184 2641 1229 2686 τὸ
1260 2640 1403 2694 πάθος
1431 2646 1652 2698 κυρωθείς,
1690 2640 1892 2697 equidem
1922 2653 2006 2680 non
2038 2638 2175 2679 video.
2238 2636 2365 2679 Licet
2394 2651 2573 2694 praepo-

482 2732 680 2774 sitionem
714 2725 781 2771 διὰ
814 2744 895 2771 non
921 2745 1024 2786 per,
1069 2729 1144 2771 sed
1169 2734 1356 2785 propter
1391 2727 1459 2770 vel
1491 2727 1541 2769 ob
1572 2726 1729 2769 Latine
1759 2725 2008 2773 reddamuS‚
2051 2729 2192 2765 tamen
2232 2722 2311 2764 hac
2349 2724 2478 2765 etiam
2509 2738 2573 2764 ra-

483 2817 600 2858 tione
644 2829 792 2871 pugna
823 2813 1112 2858 Curiatiorum
1152 2820 1194 2856 et
1234 2813 1516 2856 Horatiorum
1556 2812 1665 2868 legis
1695 2827 1827 2854 causa
1868 2825 1962 2853 esse
1993 2809 2171 2858 dicitur,
2220 2823 2362 2862 neque
2393 2807 2574 2862 intelligi

485 2909 647 2958 potest,
700 2905 786 2957 qua
830 2902 1059 2944 occasione
1102 2901 1201 2944 data
1234 2902 1277 2943 in
1321 2900 1433 2943 illius
1473 2916 1644 2957 pugnae
1683 2899 1926 2942 memoriam
1966 2896 2175 2939 eiusmodi
2216 2895 2289 2937 lex
2330 2900 2479 2950 postea
2519 2896 2575 2935 sit

484 2996 649 3045 rogata.

602 3076 760 3118 Sorore
790 3078 843 3118 ab
878 3076 1065 3118 Horatio
1108 3075 1396 3131 triumphante
1428 3073 1677 3123 interfecta,
1729 3073 1867 3130 legem
1905 3071 2214 3130 perduellionis
2254 3068 2319 3110 vel
2357 3068 2576 3128 parricidii

486 3180 638 3208 novam
668 3179 695 3206 a
725 3162 853 3205 Tullo
884 3178 979 3205 esse
1010 3163 1154 3211 latam,
1189 3161 1256 3203 vel
1288 3162 1329 3202 in
1363 3162 1454 3203 eius
1487 3160 1639 3203 saltem
1668 3160 1983 3202 commentariis
2016 3157 2190 3200 Horatii
2223 3156 2422 3212 exemplo
2442 3154 2576 3196 fuisse
