2940 3691
1336 313 1671 359 -24-

740 590 784 657 3,
813 616 815 618 -
1070 574 1172 633 De
1210 577 1655 634 commentariis
1688 595 1928 655 regrum.

546 669 785 742 'Universa
819 703 974 746 regum
1009 689 1128 734 facta
1165 697 1210 734 et
1243 691 1471 744 instituta,
1515 707 1629 749 quae
1665 706 1751 736 non
1790 708 1816 736 e
1853 694 2116 739 carminibus
2147 705 2249 742 sunt
2277 700 2546 757 deprompta,

446 778 650 827 foedera,
688 778 785 819 iura
820 788 967 826 sacra,
1004 776 1180 833 publica
1212 782 1348 835 atque
1385 777 1578 836 privata,
1622 780 1667 822 in
1699 793 1847 824 eorum
1876 775 2195 824 commentariis
2226 798 2384 830 censeo
2411 785 2547 829 fuisse

447 870 664 907 contenta.
727 861 1074 906 Commentarios
1106 864 1218 906 enim
1250 865 1491 922 antiquitus
1533 866 1776 921 nominatos
1815 867 2053 925 reperimus
2095 866 2229 910 libros
2268 843 2548 929 quoscimque

447 952 589 994 soluta
628 951 825 993 oratione
861 950 1061 1007 scriptos.
1133 949 1294 1024 Neque
1333 951 1501 1009 singuli·
1531 957 1699 996 tantum
1737 953 2005 1011 singulorum
2041 964 2192 1011 regum
2237 958 2548 1008 commentarii,

449 1037 527 1082 sed
555 1034 688 1095 afflat
716 1036 933 1080 interdum
970 1034 1117 1092 plures
1153 1038 1466 1088 memorantur,
1506 1037 1690 1081 diversis
1727 1038 2083 1095 inscriptionibus
2121 1038 2329 1083 distincti.
2391 1013 2550 1097 Itaque

450 1126 601 1168 eornm
637 1137 817 1179 regum,-
855 1122 929 1177 qui
965 1120 1101 1164 multa
1136 1122 1435 1173 instituerant,
1483 1123 1679 1166 videmus
1716 1123 1802 1176 alia
1837 1139 1971 1180 opera
2008 1123 2214 1180 amplexa
2251 1124 2384 1168 fuisse
2429 1125 2549 1182 leges

449 1210 661 1265 privatas,
703 1208 789 1250 alia
819 1207 1171 1250 constitutionem
1207 1207 1499 1266 reipublicae,
1535 1206 1622 1249 alia
1650 1221 1719 1249 res
1748 1222 1859 1251 sao
1896 1227 1916 1232 “
1943 1208 2092 1256 Fieri
2129 1211 2262 1252 etiam
2301 1212 2444 1268 potuit
2482 1212 2551 1253 vel

1788 1248 1949 1306 ιὲμχ.
1961 1278 1972 1282 ‹-

453 1300 575 1336 certo
612 1293 777 1336 factum
815 1299 903 1341 est,
954 1298 1002 1334 ut
1036 1291 1223 1349 plurium
1261 1307 1413 1348 regum
1453 1269 1813 1359 commentatiti-
1867 1312 1909 1342 ··ι,
1902 1300 1938 1317 “·
1966 1315 1998 1349 ιι
2047 1293 2252 1349 idemque
2288 1294 2548 1343 institutum,

448 1393 489 1421 e.
529 1394 572 1434 g.
611 1377 667 1421 ad
703 1379 772 1420 ius
813 1378 915 1420 belli
953 1383 998 1419 et
1036 1378 1178 1434 pacis,
1221 1378 1490 1434 pertinentes
1537 1392 1623 1419 uno
1664 1377 1726 1420 lib
1748 1360 1854 1443 ij]
1880 1354 2248 1433 ferentum&
2320 1377 2436 1421 Nam
2474 1394 2551 1422 sua

450 1466 635 1521 quisque
664 1448 939 1522 magistratus
970 1463 1137 1521 scripta
1164 1461 1329 1513 babuit,
1361 1478 1440 1507 sua
1470 1464 1673 1520 quodque
1703 1442 1977 1506 sacellum
2007 1462 2253 1519 collegium.

566 1594 620 1637 In
643 1599 765 1636 tanta
781 1597 1153 1636 monumentorum
1181 1592 1311 1648 copia
1339 1592 1516 1635 minime
1546 1598 1614 1635 est
1642 1592 1897 1640 mirandum.
1928 1592 2080 1648 paucis
2111 1597 2277 1634 tantum
2308 1590 2550 1635 bominibus

449 1683 502 1722 ad
536 1686 696 1721 cuncta
726 1678 889 1719 aditum
920 1677 1137 1733 patuisse,
1174 1692 1317 1732 neque
1347 1692 1517 1727 omnes,
1550 1679 1707 1733 quibus
1738 1678 1911 1726 liceret,
1944 1678 2113 1719 cunctis
2145 1678 2276 1726 etiam
2307 1691 2406 1718 usos
2438 1691 2549 1719 esse.

448 1768 562 1811 Inde
592 1766 806 1808 maximae
837 1765 882 1805 in
914 1764 1094 1806 historia
1124 1779 1274 1821 regum
1305 1765 1536 1822 discrepari
1561 1766 1570 1774 '
1627 1820 1631 1823 ἱ
1705 1764 1880 1806 Etenim
1911 1777 2022 1820 quae
2060 1764 2321 1821 posteriores
2358 1775 2489 1819 ξομε
2527 1777 2553 1804 a

1611 1851 1612 1854 ’
1667 1856 1676 1900 s
1726 1864 1752 1892 a
1788 1837 2106 1930 ρτοΡοηοφῐ,
2146 1848 2274 1906 primi
2313 1849 2554 1891 instituisse

1675 1924 1678 1927 ⁵
1740 1937 1852 1980 bene
1882 1934 2131 1998 examinata
2159 1933 2273 1979 inter
2302 1949 2349 1979 se
2380 1949 2552 2003 compa·

450 1851 665 1910 prioribus
695 1856 879 1908 accepta
914 1855 1151 1900 mutarant,
1194 1850 1304 1892 haec
1341 1863 1441 1892 cum
1474 1863 1535 1907 qu

452 1937 588 1981 videri
618 1940 852 1994 potuerunt
881 1935 956 1987 iis,
997 1935 1071 1993 qui
1109 1949 1191 1979 non
1230 1935 1404 1980 diversa
1432 1946 1605 1980 monum

448 2031 607 2067 rareut.
669 2020 905 2065 Accedunt
936 2022 1126 2065 carmina
1155 2022 1441 2067 monumentis
1472 2022 1658 2079 publicis
1699 2036 1784 2064 non
1823 2020 2009 2076 ubique
2012 2002 2237 2090 astrue
2281 2034 2415 2075 quae,
2454 2033 2551 2062 cum

449 2110 493 2149 in
527 2109 679 2165 vulgus
710 2115 816 2151 nota
847 2114 1014 2161 essent,
1054 2107 1182 2150 facile
1211 2109 1418 2149 maiorem
1447 2108 1749 2149 auctoritatem
1780 2106 1864 2148 sibi
1894 2120 2139 2172 arrogare
2161 2105 2313 2148 saltem
2349 2106 2552 2148 maiorem

450 2194 580 2236 fidem
611 2194 771 2237 habere
803 2200 1017 2251 poterant,
1051 2207 1177 2250 quam
1206 2199 1483 2235 monumenta
1512 2193 1701 2250 publica.
2187 2201 2262 2258 :3⁶

1991 2265 2022 2293 ἢ,
2236 2255 2253 2272 «ι

570 2325 641 2368 Ne
671 2326 768 2382 ipse
801 2323 927 2367 ullam
960 2322 1185 2365 dubitandi
1211 2322 1423 2364 rationem
1448 2307 1808 2380 praetermittam·
1842 2329 1986 2365 tamne
2007 2321 2152 2378 prisco
2172 2291 2367 2378 tempore
2384 2318 2553 2363 Romae

455 2418 575 2456 tanta
605 2411 822 2454 scribendi
853 2410 1037 2453 facultas
1069 2416 1115 2451 et
1143 2409 1402 2452 exercitatio
1432 2409 1538 2452 fuit?
1568 2415 1690 2452 tanta
1716 2411 1844 2466 copia
1867 2408 2088 2477 materiae,
2119 2408 2164 2449 in
2186 2421 2272 2462 qua
2290 2406 2551 2449 scriberent⁷

450 2499 557 2556 Ipsa
588 2497 744 2539 Latina
771 2497 920 2554 lingua
949 2495 1121 2553 arguit,
1159 2493 1370 2537 Romanis
1402 2477 1643 2551 antiquitus
1672 2494 1808 2538 fuisse
1839 2484 1997 2557 arteni,
2004 2489 2124 2541 iulus
2154 2493 2400 2535 nationibus
2431 2493 2551 2549 igno-

448 2591 553 2634 tam,
587 2597 645 2625 ex
676 2583 838 2625 cortice
868 2583 1068 2625 arborum
1100 2579 1341 2624 fabricandi
1368 2587 1584 2650 Μ,
1601 2582 1644 2624 in
1677 2583 1834 2638 quibus
1872 2562 2306 2624 scriberent.1nde
2342 2578 2555 2621 vocabula

449 2670 636 2718 charta,
649 2668 816 2725 liber,
861 2669 993 2710 codex
1036 2674 1137 2709 sunt
1183 2648 1502 2710 denominata.
1521 2640 1623 2709 De
1663 2666 1742 2709 bac
1780 2666 1959 2722 antiqua
1997 2665 2292 2710 Romanorum
2331 2663 2480 2707 charta
2516 2666 2553 2707 si

449 2755 688 2811 cogitasset
720 2751 891 2793 Plinius
936 2751 1400 2805 (X111.21—-27)
1447 2746 1532 2793 non
1563 2751 1808 2794 Varronem
1840 2752 2123 2808 vituperaret,
2169 2749 2285 2806 quod
2317 2749 2551 2796 retulisset,

451 2841 695 2883 Alexandri
737 2839 910 2881 demum
943 2838 1103 2895 Magni
1139 2845 1334 2895 tempore
1372 2839 1566 2881 chartam
1605 2849 1891 2921 papyraceam
1931 2837 2116 2879 Romam
2147 2837 2332 2878 venisse.
2393 2834 2555 2877 Charta

2186 2908 2262 2932 ι”ιίἶῑῗί

2238 2971 2250 2979 3
2263 2928 2349 2981 pta
2386 2918 2555 2960 videtur

450 2939 474 2965 e
519 2926 681 2966 cortice
727 2925 929 2965 arborum
970 2923 1089 2965 sacta
1127 2922 1261 2965 Plinii
1306 2930 1451 2966 aetate
1498 2930 1584 2966 tam
1634 2924 1835 2980 neglecta
1879 2929 2056 2978 tamque
2100 2936 2200 2995 cor!

448 3011 609 3059 fuisse,
644 3015 689 3051 ut
719 3024 815 3052 eam
846 3023 988 3065 aequo
1019 3010 1158 3051 minus
1189 3017 1382 3060 curaret,
1412 3023 1677 3066 *quamquam
1707 3010 1780 3052 alii
1811 3010 2046 3066 scriptores
2076 2991 2290 3057 tranunt
2312 3018 2396 3046 non
2428 3005 2554 3045 modo

524 3207 562 3251 ⁴⁸)
596 3203 676 3241 Cic.
706 3202 754 3238 de
781 3202 889 3240 offic.
918 3204 948 3240 1.
979 3208 1035 3240 ll.
1061 3204 1094 3249 §.
1120 3206 1179 3240 36.
