2940 3691
1359 342 1692 388 -38-

473 469 664 513 omnibus
690 468 929 527 absumptis
936 485 952 521 ,-
987 470 1033 511 in
1062 469 1207 519 altera
1235 473 1320 516 duo
1336 473 1508 529 fasces,
1549 473 1745 516 candelis
1772 475 1973 525 involuti,
2002 482 2195 533 septenos
2225 476 2412 522 habuere
2439 480 2571 523 libros

472 570 555 598 non
584 555 776 612 inteqros
805 555 942 618 niodo,
972 553 1048 596 sed
1075 538 1364 599 recentissima
1391 533 1540 614 specie.
1554 549 1770 615 &septen
1782 558 1940 602 Latini
1966 562 2029 603 de-
2047 562 2143 604 ἑυνα
2156 561 2394 618 Pontificio
2423 573 2566 615 erant,

470 648 626 696 septem
660 641 826 685 Graeci
842 639 903 683 'de
931 640 1168 697 disciplina
1195 643 1450 698 sapientiae,
1482 658 1594 701 quae
1623 644 1744 686 illius
1772 645 1933 686 aetatis
1959 659 2046 687 esee
2067 649 2266 702 ματαίω·

587 742 660 784 De
691 743 847 798 quibus
877 741 914 782 si
945 741 1043 796 quis
1074 742 1316 783 accuratius
1348 757 1615 799 cognoscere
1646 743 1774 794 velit,
1818 743 1956 801 legat,
2000 749 2113 801 qnae
2151 749 2266 804 apud
2299 749 2470 792 Livium
2501 765 2567 793 se-

471 835 680 884 quuntur,
725 841 924 884 quaeque
961 827 1075 885 apud
1108 821 1371 871 Varronem*
1387 830 1456 884 (in
1495 828 1733 885 Augustini
1770 829 1868 872 libr.
1899 828 2014 874 VII.
2051 830 2108 874 de
2144 831 2245 878 civ.
2287 834 2374 878 Dei
2406 851 2444 879 c.
2474 835 2565 890 34),

471 914 663 958 Plinium
695 913 780 968 (H.
797 913 861 957 N.
877 912 1129 965 X111.27),
1162 913 1444 958 Plutarchum
1476 914 1645 970 ffluma
1658 914 1791 969 c.22)
1820 915 2353 962 etValeriumMaximnm
2373 922 2569 973 (1.1.12)

471 1006 660 1045 exstant.
722 998 821 1043 Nos
842 1014 899 1044 ex
921 999 1066 1042 Plinio
1087 1000 1192 1043 baec
1212 1005 1379 1045 tantum
1397 1002 1613 1046 addimus:
1663 1001 1987 1061 „Mirabantur
2005 1004 2100 1053 alii,
2134 1007 2340 1062 quomodo
2367 1009 2437 1050 illi
2466 1011 2569 1052 libri

469 1086 635 1128 durare
656 1086 922 1142 potuissent:
952 1084 1023 1127 ille
1043 1084 1114 1136 (C.
1127 1084 1342 1140 Hemina)
1370 1089 1436 1130 ita
1465 1089 1676 1130 rationem
1706 1085 1937 1130 reddebat:
1968 1089 2179 1146 Lapidem
2198 1094 2343 1149 fuisse
2372 1096 2566 1150 quadra·

472 1181 562 1214 tum
582 1172 759 1214 circiter
787 1173 832 1213 in
851 1170 988 1213 media
1006 1186 1114 1213 arca
1132 1168 1322 1214 vinctam
1348 1174 1538 1216 candelis
1553 1189 1723 1231 quoquo
1741 1181 1902 1223 versus,
1936 1175 1983 1216 in
2010 1190 2058 1217 eo
2078 1176 2223 1233 lapide
2243 1180 2417 1236 insuper
2437 1181 2570 1239 li-bros

473 1260 694 1315 impositos
712 1258 881 1314 fuisse:
905 1263 1143 1313 propterea
1173 1258 1393 1300 arbitrari
1422 1273 1490 1300 eos
1517 1273 1602 1300 non
1621 1259 1953 1315 computruisse5
1982 1268 2024 1303 et
2044 1262 2177 1306 libros
2204 1265 2389 1308 citratos
2397 1268 2569 1324 fuisse:

468 1349 705 1400 propterea
736 1341 1004 1383 arbitrarier
1034 1342 1173 1384 tineas
1200 1356 1285 1385 non
1317 1344 1551 1404 tetiqisse.“
1614 1342 1824 1396 Quamvis
1851 1344 1895 1385 in
1916 1345 2130 1389 nonnullis
2152 1347 2405 1405 discrepent
2423 1356 2569 1394 aucto-

475 1444 557 1477 res,
592 1435 734 1471 tamen
769 1428 823 1470 de
853 1442 899 1470 re
928 1427 1024 1484 ipsa
1053 1428 1116 1470 ita
1140 1430 1435 1480 consentiunt,
1468 1438 1516 1472 ut
1544 1430 1666 1473 nulla
1695 1430 1864 1472 admitti
1894 1432 2033 1486 possit
2054 1430 2281 1479 dubitatio,
2315 1438 2568 1488 praesertim

475 1531 572 1557 cum
603 1514 911 1570 antiquissimi,
944 1529 1052 1569 quos
1083 1515 1287 1557 retulisse
1312 1516 1493 1566 scimus,
1545 1517 1776 1573 scriptores
1812 1529 1897 1557 non
1928 1515 2110 1572 amplius
2147 1518 2327 1573 triginta
2357 1518 2425 1559 vel
2465 1534 2567 1574 qua-

474 1602 674 1657 draginta
705 1601 841 1649 annis,
873 1603 1102 1656 postqrhm
1133 1599 1379 1649 accidisset,
1410 1615 1499 1642 rem
1531 1601 1685 1643 litteris
1715 1600 1972 1650 mandarint,
2005 1606 2052 1642 ut
2081 1607 2157 1643 aut
2184 1602 2268 1659 ipsi
2299 1602 2462 1652 videre,
2495 1610 2570 1644 aut

473 1687 525 1728 ab
557 1687 626 1736 iis,
660 1686 734 1742 qui
767 1685 996 1734 vidissent,
1035 1684 1182 1727 audire
1211 1686 1448 1741 potuerint.
1512 1684 1702 1729 Restant
1732 1692 1874 1729 tamen
1906 1686 2018 1731 duae
2039 1688 2319 1745 gravissimae
2343 1687 2568 1731 dubitandi

472 1786 644 1820 causae,
677 1786 732 1813 an
755 1786 852 1813 vere
871 1771 1062 1814 Numam
1084 1771 1178 1813 libri
1200 1772 1272 1813 isti
1296 1772 1523 1816 habuerint
1542 1758 1826 1824 auctorem.*)
1876 1771 2047 1816 Graece
2067 1775 2180 1816 enim
2202 1789 2257 1817 ex
2279 1780 2402 1831 parte
2418 1775 2569 1832 scripti

473 1859 676 1900 dicuntur
707 1873 757 1899 ea
786 1864 943 1906 aetate,
975 1873 1059 1912 qua
1088 1873 1143 1901 ne
1174 1860 1213 1900 in
1242 1859 1340 1914 ipsa
1360 1859 1535 1913 quidem
1555 1858 1745 1902 Graecia
1775 1875 1904 1916 prosa
1933 1860 2069 1902 oratio
2099 1862 2143 1901 in
2174 1875 2253 1901 usu
2285 1861 2418 1903 fuisse
2439 1862 2568 1918 vulgo

477 1950 667 1999 putatur,
699 1951 828 2000 atque
858 1944 1158 2000 philosophiae
1187 1945 1507 2001 Pythagoricae
1538 1952 1773 2002 praecepta
1809 1946 2075 1987 continuisse
2111 1952 2203 1986 toto
2240 1947 2409 1997 seculo,
2450 1954 2570 1989 ante-

476 2046 602 2087 quam
635 2030 904 2088 Pythagoras
936 2037 1061 2072 natus
1092 2037 1218 2073 esset.
1284 2030 1358 2073 Ne
1390 2031 1443 2073 ad
1475 2038 1719 2088 suspectam
1758 2030 2062 2087 chronologiae
2097 2030 2227 2073 fidem
2267 2045 2585 2087 provocemuS„

475 2132 602 2173 quam
634 2118 687 2160 de
716 2119 813 2174 ipso
845 2117 1097 2174 Pythagora
1122 2116 1389 2159 Niebuhrius
1423 2122 1546 2173 urget
1575 2115 1635 2167 (I.
1665 2115 1875 2169 264),**)
1905 2130 1990 2158 non
2022 2115 2156 2159 Solon
2188 2122 2353 2159 tantum
2385 2118 2428 2160 in
2461 2118 2566 2175 legi-

478 2206 556 2245 bus
590 2204 826 2246 condendis
858 2204 997 2245 soluta
1027 2205 1219 2245 oratioue
1250 2217 1353 2244 usus
1385 2209 1475 2252 est,
1518 2203 1594 2244 sed
1625 2202 1758 2243 multo
1788 2203 1930 2258 prius,
1971 2202 2122 2245 eadem
2158 2203 2251 2245 sere
2281 2210 2444 2253 aetate,
2485 2219 2570 2258 qua

475 2288 622 2332 Numa
654 2290 779 2340 vixit,
814 2289 1065 2332 Charondas
1098 2295 1143 2331 et
1174 2288 1390 2331 Zaleucus
1421 2288 1538 2344 leges
1570 2294 1905 2354 composuerunt
1934 2302 2097 2343 eosque
2126 2289 2170 2329 in
2193 2286 2360 2343 Magna
2380 2287 2569 2331 Graecia

477 2392 579 2431 agro
612 2377 810 2420 Romano
843 2376 1022 2425 confini,
1064 2377 1150 2418 imo
1192 2377 1275 2418 iam
1308 2375 1533 2431 Lycurgus
1573 2375 1693 2432 leges
1724 2375 1879 2418 litteris
1912 2375 2259 2430 consignaverat.
2272 2373 2378 2424 ***)
2437 2373 2566 2426 Quod

475 2478 577 2504 vero
608 2464 659 2505 ad
694 2462 970 2520 Pythagorae
1001 2460 1272 2519 disciplinam
1304 2462 1479 2510 attinet,
1519 2462 1611 2503 eius
1642 2461 1839 2503 doctrina
1869 2460 2000 2502 tantis
2032 2459 2234 2502 obvoluta
2265 2465 2333 2502 est
2362 2460 2566 2510 tenebris,

473 2557 521 2593 ut
552 2551 606 2593 ab
648 2564 699 2592 ea
728 2556 848 2592 certa
877 2526 1131 2605 argumenta
1167 2549 1256 2605 peti
1287 2563 1372 2590 non
1403 2549 1590 2605 possint,
1638 2548 1894 2605 praesertim
1925 2561 2021 2589 cum
2050 2547 2318 2603 ignoremus,
2362 2553 2568 2604 quantum

470 2653 528 2680 ex
570 2638 677 2694 ipsis
709 2635 863 2679 Italiae
902 2636 1034 2678 sacris
1074 2636 1117 2677 in
1158 2648 1278 2677 usum
1319 2649 1441 2677 suum
1480 2635 1757 2678 converterit.
1840 2632 1990 2675 Livius
2035 2632 2221 2689 denique
2259 2634 2353 2689 ipse
2394 2634 2570 2677 disserit

471 2730 621 2765 contra
654 2721 876 2763 Valerium
907 2721 1145 2768 Antiatem,
1188 2720 1327 2776 quod,
1379 2719 1545 2767 „libros
1576 2719 1903 2778 Pythaqoricos
1921 2720 2080 2776 fuisse,
2113 2720 2337 2761 adiecisset
2367 2721 2569 2779 vulqatae

471 2811 678 2866 opinioni,
712 2823 800 2864 qua
831 2808 1089 2853 crederetur,
1127 2806 1414 2863 Pythaqorae
1443 2807 1686 2848 auditorem
1706 2808 1852 2863 fuisse
1873 2805 2072 2854 Numam,
2105 2805 2323 2846 mendacio
2347 2806 2568 2861 probabili

590 2999 627 3042 *ἢ
666 2998 696 3032 Α
734 2995 917 3033 Romanis
951 3007 1018 3042 pro
1051 2996 1188 3042 spuriis
1221 3008 1303 3032 esse
1340 2997 1507 3035 habitos,
1555 3008 1628 3033 non
1674 2997 1754 3032 iure
1789 2997 1980 3032 contendit
2018 2996 2226 3030 Bernhardi
2263 2992 2469 3029 Grundriss
2501 2993 2568 3027 der

667 3073 776 3110 Ram.
804 3073 892 3110 Litt.
920 3085 957 3119 p.
984 3076 1043 3110 73.

569 3151 627 3196 W)
663 3148 722 3185 Cf.
749 3150 998 3186 Wachsmuth
1025 3162 1062 3196 p.
1092 3152 1172 3185 143.

543 3227 626 3269 ***)
662 3225 710 3261 G.
738 3224 812 3260 Gu.
843 3224 998 3262 Nitzsch
1026 3225 1271 3262 Meletemata
1295 3225 1341 3262 de
1368 3226 1539 3263 Historia
1567 3225 1734 3264 Homeri.
1762 3227 1872 3263 Fasc.
1901 3227 1932 3262 1.
1959 3238 1995 3271 p.
2023 3228 2071 3261 50
2096 3235 2175 3269 sqq.
