2940 3691
1341 294 1710 356 .-·12-

501 427 655 471 mentis
684 423 821 467 multu
847 438 947 467 esse
975 420 1459 475 servm·eomeuit*)·
1520 421 1619 465 Hie
1643 424 1930 478 &immi
1949 438 2098 485 parum
2127 426 2365 473 caminum
2381 427 2577 479 fallaciis,

499 526 704 557 annorum
734 509 1045 570 computationi
1075 507 1468 567 postearet'octae.
1507 508 1822 566 ann-libusque
1848 523 1879 555 o
1905 511 2111 556 matoria
2139 511 2393 555 instaurati·-
2419 515 2580 558 vibat·-

497 606 617 643 rnnt:
665 597 921 656 utrique”)
955 593 1324 663 newtorum
1358 597 1615 653 gravissima
1649 602 1696 640 et
1730 595 2019 655 amplis-in}
2070 597 2261 654 ipsorum
2287 608 2438 653 regum
2466 612 2578 645 eom?

496 687 731 731 mensarios
761 690 806 728 et
838 683 982 740 neges,
1027 661 1113 724 noui
1149 681 1253 725 satis
1291 680 1493 726 videntur
1527 682 1780 727 eamean.
1838 680 2235 727 Romulia-4010«.
2274 687 2322 726 ot
2353 681 2581 734 rationem,

496 786 596 815 cum
625 784 749 814 nemo
777 768 935 819 adhuc,
967 766 1082 824 quod
1111 764 1543 824 sciam‚‘²‘diligentius
1573 767 1902 819 examinaverit,
1934 780 2011 811 nos
2029 779 2145 810 nuno
2171 767 2217 809 in
2234 766 2579 823 disquisitionem

499 871 654 900 vocare
684 855 830 898 conati
860 857 1032 899 sumus?

613 939 924 982 Commentarii
961 951 1132 993 regum,
1180 939 1253 994 qui
1291 952 1406 981 nunc
1441 939 1650 996 appellari
1688 939 1804 982 soliti
1840 945 1960 988 sunt,
2008 952 2036 980 a
2068 938 2184 980 nullo
2213 943 2406 979 veterum
2435 940 2497 980 ita
2535 939 2578 978 in

498 1025 747 1069 universum
775 1023 1015 1075 laudantur,
1045 1023 1124 1067 sed
1153 1026 1226 1068 ubi
1246 1017 1395 1069 eflum
1423 1024 1594 1092 ment&
1614 1023 1676 1076 fit,
1708 1025 1816 1067 certi
1836 1023 2059 1068 cuiusdam
2078 1026 2194 1083 regis
2210 1038 2366 1074 nomen
2383 1023 2578 1067 additum

500 1113 752 1169 reperimus.
813 1101 974 1176 Nffiae
1010 1110 1197 1153 omnium
1234 1110 1409 1166 quidem
1449 1100 1601 1167 reguin
1638 1110 1874 1154 afferuntur
1918 1112 2235 1163 commentarii,
2289 1111 2364 1155 sed
2403 1110 2578 1157 Romuli

501 1203 682 1246 tantum,
703 1181 890 1245 Numae}
920 1194 1052 1246 Tulli,
1085 1195 1201 1239 Anci
1222 1202 1354 1252 atque
1372 1196 1530 1240 Servii.
1594 1196 1725 1249 Quod
1755 1210 1811 1239 ne
1840 1197 1936 1253 quis
1966 1197 2145 1246 fortuito
2174 1198 2335 1243 factum
2364 1199 2577 1255 opinetur,

500 1283 940 1332 animadvertendum,
971 1283 1304 1338 Tarquiniorum
1334 1297 1475 1339 neque
1504 1283 1830 1329 commentarios
1860 1297 2003 1338 neque
2033 1284 2152 1340 leges
2174 1283 2337 1328 diserte
2356 1282 2577 1332 nominari,

499 1381 744 1424 eorumque.
763 1368 982 1411 historiam
1012 1368 1146 1411 multo
1175 1368 1369 1426 pluribus
1398 1368 1594 1411 laborare
1624 1367 1947 1410 difficultatibus
1977 1374 2022 1411 et
2050 1369 2210 1412 maiore
2240 1370 2370 1413 etiam
2389 1370 2579 1413 obscuri-

500 1461 609 1506 tate,
660 1468 790 1512 qnam
826 1461 1066 1497 ceterorum
1104 1469 1267 1513 regum.
1330 1453 1432 1497 Iure
1474 1454 1575 1497 inde
1619 1453 1881 1511 colligimus,
1930 1452 2264 1512 Tarquiniorum
2299 1441 2518 1499 historiam
2556 1469 2580 1498 e

500 1539 759 1583 carminibus
790 1542 1056 1598 potissimum
1086 1554 1182 1584 esse
1209 1541 1412 1597 petitam,
1458 1540 1764 1585 accedentibus
1801 1545 1944 1584 tamen
1980 1540 2146 1596 aliquot
2181 1540 2465 1584 monumentis
2501 1553 2578 1596 pu·

503 1622 641 1675 blicis,
675 1638 786 1681 quae
805 1639 949 1669 eorum
969 1626 1167 1670 instituta
1195 1630 1238 1670 et
1267 1639 1336 1669 res
1368 1618 1513 1684 Μ
1543 1632 1618 1670 aut
1645 1626 1911 1683 respicerent
1927 1630 2001 1669 aut
2022 1624 2416 1678 continerentfiss).
2466 1622 2579 1690 ἶΝοιι

501 1722 635 1763 parva
663 1710 766 1754 inde
795 1712 1006 1754 accrescit
1034 1710 1142 1755 fides
1173 1710 1223 1754 C.
1245 1709 1303 1755 Ο.
1326 1692 1671 1766 Μαῖῐὶοῐί“**)
1700 1711 1954 1762 sententiae,
1984 1689 2579 1779 Tarquinijffi'fflfflfflho-

501 1808 597 1835 rum
634 1794 768 1838 fuisse
804 1811 929 1852 reges
974 1797 1056 1838 rite
1098 1802 1286 1848 creatos,
1336 1799 1411 1841 sed
1453 1798 1855 1853 Tarquiniensium,
1903 1798 1976 1852 qui
2018 1811 2160 1839 rerum
2203 1778 2494 1844 Romanarum
2539 1797 2579 1837 vi

500 1885 647 1922 essent
676 1883 816 1937 potiti.

615 1979 684 2024 De
714 1995 863 2039 regum
879 1967 1173 2038 Romanorum
1200 1982 1484 2026 monumentis
1504 1981 1786 2040 disceptaturi
1816 1996 1842 2026 a
1866 1982 2034 2039 legibus
2053 1984 2223 2027 initium
2237 1984 2445 2042 capimus,
2478 1983 2578 2039 quia

497 2077 643 2106 earum
680 2072 725 2108 et
759 2067 968 2123 reliquiae
998 2051 1161 2123 aliquot
1199 2069 1341 2112 minus
1371 2069 1583 2111 laceratae
1613 2074 1657 2110 et
1686 2068 1946 2125 depravatae
1976 2069 2031 2110 ad
2061 2082 2139 2110 nos
2170 2073 2480 2125 pervenerunt,
2533 2072 2577 2109 et

495 2149 674 2194 historia
702 2153 795 2196 fere
825 2156 994 2211 integra
1024 2163 1092 2197 est
1121 2161 1301 2197 servata.
1365 2153 1492 2205 Quae
1522 2155 1647 2196 enim*
1667 2154 1722 2195 de
1757 2154 1842 2195 fide
1879 2155 1932 2195 iis
1969 2156 2228 2211 praestanda
2264 2160 2443 2197 exortae
2480 2159 2579 2193 sunt

495 2237 808 2290 dubitationes,
853 2242 937 2281 iam
968 2256 1020 2281 eo
1050 2240 1276 2291 tolluntur,
1322 2241 1435 2296 quod
1473 2242 1546 2295 qui
1583 2240 1786 2296 reliquias
1826 2241 2113 2297 collegerunt,
2166 2240 2303 2294 magis
2347 2239 2402 2280 de
2439 2238 2581 2293 prisca

496 2320 633 2365 forma
662 2326 930 2369 restituenda
960 2326 1134 2369 solliciti
1165 2332 1306 2376 erant,
1340 2340 1465 2381 quam
1496 2331 1544 2368 ut
1572 2325 1758 2368 indolem
1789 2335 1834 2368 et
1863 2325 2083 2367 historiam
2121 2324 2362 2366 accuratius
2391 2323 2578 2377 inquire-

497 2414 749 2486 rena-quas
784 2427 883 2453 vero
915 2411 1232 2473 vicissitudines
1264 2412 1494 2462 subierint,
1527 2426 1667 2461 nemo,
1700 2411 1814 2477 quod
1845 2411 1999 2458 sciam,
2039 2410 2143 2451 satis
2174 2408 2405 2464 diligenter
2434 2422 2578 2463 perse-

495 2499 619 2534 cutus
650 2501 728 2537 est.
791 2492 904 2540 Tam
932 2460 1134 2540 acc-*ata
1165 2497 1347 2539 traditur
1368 2497 1543 2537 historia
1571 2497 1862 2537 institutorum
1893 2501 1938 2536 et
1967 2494 2123 2550 legum,
2157 2499 2205 2537 ut
2223 2495 2318 2550 ipsa
2337 2494 2576 2549 diligentia,

494 2592 582 2633 qua
612 2566 969 2659 commug‘tffliea
993 2589 1303 2633 memorantur,
1354 2597 1447 2625 eam
1485 2582 1674 2639 spuriam
1710 2580 1992 2636 fictitiamque
2028 2594 2125 2623 esse
2162 2594 2244 2621 non
2277 2580 2411 2629 sinat,
2456 2593 2575 2635 prae·

493 2666 641 2708 sertim
674 2682 770 2710 cum
799 2657 998 2713 auctores
1030 2669 1263 2714 babeamus
1293 2669 1480 2712 maxime
1511 2668 1622 2711 iuter
1650 2681 1697 2710 se
1736 2667 1956 2716 diversos,
2004 2667 2076 2722 qui
2116 2666 2170 2709 de
2200 2667 2253 2709 iis
2292 2666 2574 2715 consentiant,

903 2741 919 2748 ,.
949 2736 955 2741 -
1914 2745 1923 2767 ,

563 2825 600 2872 *)
635 2825 719 2863 Vol.
748 2825 779 2862 Ι.
808 2838 845 2873 p.
872 2830 944 2865 275
968 2840 1048 2877 sqq.

543 2913 601 2957 **)
640 2915 819 2962 Neglexit
843 2918 993 2964 quidem
1018 2931 1148 2956 eorum
1174 2931 1295 2961 nemo,
1321 2918 1386 2955 sed
1413 2930 1487 2955 non
1513 2916 1608 2954 tanti
1634 2915 1735 2960 fecit,
1761 2915 1892 2963 quanti
1917 2928 1988 2961 ego
2014 2928 2080 2954 eos
2104 2916 2297 2952 faciendos
2320 2915 2429 2951 duco.

515 3007 598 3050 Μ”“)
634 3006 762 3041 Simile
798 3009 989 3053 quoddam
1027 3010 1291 3044 animadvertit
1318 3009 1550 3043 Niebuhrius
1580 3007 1667 3046 Vel.
1696 3007 1727 3041 1.
1754 3018 1790 3051 p.
1816 3010 1911 3049 330,
1966 3008 2009 3042 C.
2051 3006 2171 3040 Taciti
2209 3005 2430 3040 auctoritate
2462 3005 2577 3043 nisus,

637 3082 773 3117 Annal.
801 3085 874 3119 111.
901 3088 960 3120 26.

495 3168 599 3214 um)
634 3168 816 3206 Etrusker
841 3171 925 3209 Vol.
954 3173 984 3210 Ι.
1011 3184 1048 3220 p.
1078 3175 1146 3210 118
1171 3175 1209 3209 et
1232 3174 1315 3210 383.
